00:01:42	BTCUSDT	0.011970	29317.83	<binance.spot.Spot object at 0x00000000023C81F0>	BUY
00:11:25	BTCUSDT	0.011970	29317.83	leAm3351p1	BUY
00:12:16	BTCUSDT	0.011970	29319.45	sOtyiH34A2	SELL
00:12:17	BTCUSDT	0.011970	29322.45	sOtyiXw4h2	SELL
00:12:19	BTCUSDT	0.011970	29325.45	sOtyiTm5T2	SELL
00:12:20	BTCUSDT	0.011970	29328.45	sOtyiO2XW2	SELL
00:12:22	BTCUSDT	0.011970	29331.45	sOtyina182	SELL
00:12:23	BTCUSDT	0.011970	29334.45	sOtyiTA5D2	SELL
00:12:25	BTCUSDT	0.011970	29337.45	sOtyisnpt2	SELL
00:12:26	BTCUSDT	0.011970	29340.45	sOtyiyUFU2	SELL
00:12:28	BTCUSDT	0.011970	29343.45	sOtyixVMj2	SELL
00:12:29	BTCUSDT	0.011970	29346.45	sOtyismcA2	SELL
00:12:31	BTCUSDT	0.011970	29349.45	sOtyi1XBK2	SELL
00:12:32	BTCUSDT	0.011970	29352.45	sOtyiKOai2	SELL
00:12:34	BTCUSDT	0.011970	29355.45	sOtyiLq372	SELL
00:12:35	BTCUSDT	0.011970	29358.45	sOtyiUWc52	SELL
00:12:37	BTCUSDT	0.011970	29361.45	sOtyiLjD12	SELL
00:12:39	BTCUSDT	0.011970	29364.45	sOtyi1dz82	SELL
00:12:40	BTCUSDT	0.011970	29367.45	sOtyiuhmn2	SELL
00:12:42	BTCUSDT	0.011970	29370.45	sOtyieq5a2	SELL
00:12:43	BTCUSDT	0.011970	29373.45	sOtyiXvPd2	SELL
00:12:45	BTCUSDT	0.011970	29376.45	sOtyilKw32	SELL
00:12:46	BTCUSDT	0.011970	29379.45	sOtyi9lZg2	SELL
00:12:48	BTCUSDT	0.011970	29382.45	sOtyiIuMT2	SELL
00:12:49	BTCUSDT	0.011970	29385.45	sOtyiNiih2	SELL
00:12:51	BTCUSDT	0.011970	29388.45	sOtyiCUlE2	SELL
00:12:52	BTCUSDT	0.011970	29391.45	sOtyiTuyo2	SELL
00:12:54	BTCUSDT	0.011970	29394.45	sOtyiY4uG2	SELL
00:12:55	BTCUSDT	0.011970	29397.45	sOtyiSUwe2	SELL
00:12:57	BTCUSDT	0.011970	29400.45	sOtyiLaAW2	SELL
00:12:58	BTCUSDT	0.011970	29403.45	sOtyimUv32	SELL
00:13:00	BTCUSDT	0.011970	29406.45	sOtyieoBX2	SELL
00:13:01	BTCUSDT	0.011970	29409.45	sOtyiywTV2	SELL
00:13:03	BTCUSDT	0.011970	29412.45	sOtyiMDvS2	SELL
00:13:04	BTCUSDT	0.011970	29415.45	sOtyiqRTf2	SELL
00:13:06	BTCUSDT	0.011970	29418.45	sOtyizu4Y2	SELL
00:13:07	BTCUSDT	0.011970	29421.45	sOtyikSFf2	SELL
00:13:09	BTCUSDT	0.011970	29424.45	sOtyigl9M2	SELL
00:13:10	BTCUSDT	0.011970	29427.45	sOtyiqjjZ2	SELL
00:13:12	BTCUSDT	0.011970	29430.45	sOtyiSKeD2	SELL
00:13:13	BTCUSDT	0.011970	29433.45	sOtyiV3Mj2	SELL
00:13:15	BTCUSDT	0.011970	29436.45	sOtyixHpm2	SELL
00:13:16	BTCUSDT	0.011970	29439.45	sOtyih66o2	SELL
00:13:18	BTCUSDT	0.011970	29442.45	sOtyixvF12	SELL
00:13:19	BTCUSDT	0.011970	29445.45	sOtyibBkL2	SELL
00:13:21	BTCUSDT	0.011970	29448.45	sOtyirQHc2	SELL
00:13:22	BTCUSDT	0.011970	29451.45	sOtyilIco2	SELL
00:13:24	BTCUSDT	0.011970	29454.45	sOtyiKF6i2	SELL
00:13:25	BTCUSDT	0.011970	29457.45	sOtyicYTY2	SELL
00:13:27	BTCUSDT	0.011970	29460.45	sOtyiay0d2	SELL
00:13:28	BTCUSDT	0.011970	29463.45	sOtyilyqK2	SELL
00:13:30	BTCUSDT	0.011970	29466.45	sOtyiPlhX2	SELL
00:13:31	BTCUSDT	0.011970	29469.45	sOtyi2M4U2	SELL
00:13:33	BTCUSDT	0.011970	29472.45	sOtyiPjiC2	SELL
00:13:34	BTCUSDT	0.011970	29475.45	sOtyi64IA2	SELL
00:13:36	BTCUSDT	0.011970	29478.45	sOtyiEGPC2	SELL
00:13:37	BTCUSDT	0.011970	29481.45	sOtyiKCtl2	SELL
00:13:39	BTCUSDT	0.011970	29484.45	sOtyiWNUw2	SELL
00:13:40	BTCUSDT	0.011970	29487.45	sOtyiu1dA2	SELL
00:13:42	BTCUSDT	0.011970	29490.45	sOtyiW2d72	SELL
00:13:43	BTCUSDT	0.011970	29493.45	sOtyiJuMn2	SELL
00:13:45	BTCUSDT	0.011970	29496.45	sOtyirel72	SELL
00:13:46	BTCUSDT	0.011970	29499.45	sOtyiWhf82	SELL
00:13:48	BTCUSDT	0.011970	29502.45	sOtyiFikN2	SELL
00:13:49	BTCUSDT	0.011970	29505.45	sOtyiGAls2	SELL
00:13:51	BTCUSDT	0.011970	29508.45	sOtyieEsd2	SELL
00:13:53	BTCUSDT	0.011970	29511.45	sOtyiB23y2	SELL
00:13:54	BTCUSDT	0.011970	29514.45	sOtyia82C2	SELL
00:13:56	BTCUSDT	0.011970	29517.45	sOtyiVp8Y2	SELL
00:13:57	BTCUSDT	0.011970	29520.45	sOtyiJxjj2	SELL
00:14:00	BTCUSDT	0.011970	29523.45	sOtyibPP82	SELL
00:14:02	BTCUSDT	0.011970	29526.45	sOtyicpmF2	SELL
00:14:03	BTCUSDT	0.011970	29529.45	sOtyiqCIG2	SELL
00:14:05	BTCUSDT	0.011970	29532.45	sOtyiXjMI2	SELL
00:14:06	BTCUSDT	0.011970	29535.45	sOtyi2ZOw2	SELL
00:14:08	BTCUSDT	0.011970	29538.45	sOtyiI4hz2	SELL
00:14:09	BTCUSDT	0.011970	29541.45	sOtyithqc2	SELL
00:14:11	BTCUSDT	0.011970	29544.45	sOtyiwzPG2	SELL
00:14:12	BTCUSDT	0.011970	29547.45	sOtyiztKf2	SELL
00:14:14	BTCUSDT	0.011970	29550.45	sOtyiMEAG2	SELL
00:14:15	BTCUSDT	0.011970	29553.45	sOtyi7vYC2	SELL
00:14:17	BTCUSDT	0.011970	29556.45	sOtyiU0xq2	SELL
00:14:18	BTCUSDT	0.011970	29559.45	sOtyiWcgX2	SELL
00:14:20	BTCUSDT	0.011970	29562.45	sOtyiUTDn2	SELL
00:14:21	BTCUSDT	0.011970	29565.45	sOtyiybl72	SELL
00:14:23	BTCUSDT	0.011970	29568.45	sOtyiDkUR2	SELL
00:14:24	BTCUSDT	0.011970	29571.45	sOtyiv0SE2	SELL
00:14:26	BTCUSDT	0.011970	29574.45	sOtyiPxTT2	SELL
00:14:27	BTCUSDT	0.011970	29577.45	sOtyivHAE2	SELL
00:14:29	BTCUSDT	0.011970	29580.45	sOtyirApd2	SELL
00:14:30	BTCUSDT	0.011970	29583.45	sOtyigjNv2	SELL
00:14:32	BTCUSDT	0.011970	29586.45	sOtyi1Xq22	SELL
00:14:33	BTCUSDT	0.011970	29589.45	sOtyiXUzY2	SELL
00:14:35	BTCUSDT	0.011970	29592.45	sOtyitYHd2	SELL
00:14:36	BTCUSDT	0.011970	29595.45	sOtyiovc92	SELL
00:14:38	BTCUSDT	0.011970	29598.45	sOtyiBZMg2	SELL
00:14:39	BTCUSDT	0.011970	29601.45	sOtyiEKZj2	SELL
00:14:41	BTCUSDT	0.011970	29604.45	sOtyiw4Rd2	SELL
00:14:42	BTCUSDT	0.011970	29607.45	sOtyiYKMr2	SELL
00:14:44	BTCUSDT	0.011970	29610.45	sOtyi9Mj42	SELL
00:14:45	BTCUSDT	0.011970	29613.45	sOtyi6GMA2	SELL
00:14:47	BTCUSDT	0.011970	29616.45	sOtyiCQC22	SELL
00:14:48	BTCUSDT	0.011970	29619.45	sOtyiWh932	SELL
00:14:50	BTCUSDT	0.011970	29622.45	sOtyiCAge2	SELL
00:14:51	BTCUSDT	0.011970	29625.45	sOtyiIWG92	SELL
00:14:53	BTCUSDT	0.011970	29628.45	sOtyi66bK2	SELL
00:14:54	BTCUSDT	0.011970	29631.45	sOtyig7EE2	SELL
00:14:56	BTCUSDT	0.011970	29634.45	sOtyiD2e42	SELL
00:14:57	BTCUSDT	0.011970	29637.45	sOtyiBusm2	SELL
00:14:59	BTCUSDT	0.011970	29640.45	sOtyiHPXd2	SELL
00:15:00	BTCUSDT	0.011970	29643.45	sOtyit4jn2	SELL
00:15:02	BTCUSDT	0.011970	29646.45	sOtyis8ZB2	SELL
00:15:03	BTCUSDT	0.011970	29649.45	sOtyiA5JF2	SELL
00:15:05	BTCUSDT	0.011970	29652.45	sOtyiE3kq2	SELL
00:15:22	BTCUSDT	0.011970	29304.45	sOtyiH34A4	BUY
00:15:24	BTCUSDT	0.011970	29307.45	sOtyiXw4h4	BUY
00:15:25	BTCUSDT	0.011970	29310.45	sOtyiTm5T4	BUY
00:15:27	BTCUSDT	0.011970	29313.45	sOtyiO2XW4	BUY
00:15:28	BTCUSDT	0.011970	29316.45	sOtyina184	BUY
00:29:18	BTCUSDT	0.011970	29299.42	lP6nNEyn71	BUY
00:30:05	BTCUSDT	0.011970	29299.42	lP6nNEyn71	BUY
00:30:07	BTCUSDT	0.011970	29296.42	lP6nNTo3f1	BUY
00:30:08	BTCUSDT	0.011970	29293.42	lP6nNLW9y1	BUY
00:30:10	BTCUSDT	0.011970	29290.42	lP6nNQgFl1	BUY
00:30:11	BTCUSDT	0.011970	29287.42	lP6nN1Fqt1	BUY
00:30:13	BTCUSDT	0.011970	29284.42	lP6nNhMw41	BUY
00:30:14	BTCUSDT	0.011970	29281.42	lP6nNg2Uu1	BUY
00:30:16	BTCUSDT	0.011970	29278.42	lP6nNKgsq1	BUY
00:30:17	BTCUSDT	0.011970	29275.42	lP6nNl6QN1	BUY
00:30:19	BTCUSDT	0.011970	29272.42	lP6nN4CfU1	BUY
00:30:24	BTCUSDT	0.011970	29299.42	lP6nNEyn71	BUY
00:30:26	BTCUSDT	0.011970	29296.42	lP6nNTo3f1	BUY
00:30:27	BTCUSDT	0.011970	29293.42	lP6nNLW9y1	BUY
00:30:29	BTCUSDT	0.011970	29290.42	lP6nNQgFl1	BUY
00:30:31	BTCUSDT	0.011970	29287.42	lP6nN1Fqt1	BUY
00:30:32	BTCUSDT	0.011970	29284.42	lP6nNhMw41	BUY
00:30:34	BTCUSDT	0.011970	29281.42	lP6nNg2Uu1	BUY
00:30:35	BTCUSDT	0.011970	29278.42	lP6nNKgsq1	BUY
00:30:37	BTCUSDT	0.011970	29275.42	lP6nNl6QN1	BUY
00:30:38	BTCUSDT	0.011970	29272.42	lP6nN4CfU1	BUY
00:30:43	BTCUSDT	0.011970	29299.42	lP6nNEyn71	BUY
00:30:45	BTCUSDT	0.011970	29296.42	lP6nNTo3f1	BUY
00:30:46	BTCUSDT	0.011970	29293.42	lP6nNLW9y1	BUY
00:30:48	BTCUSDT	0.011970	29290.42	lP6nNQgFl1	BUY
00:30:49	BTCUSDT	0.011970	29287.42	lP6nN1Fqt1	BUY
00:30:51	BTCUSDT	0.011970	29284.42	lP6nNhMw41	BUY
00:30:52	BTCUSDT	0.011970	29281.42	lP6nNg2Uu1	BUY
00:30:54	BTCUSDT	0.011970	29278.42	lP6nNKgsq1	BUY
00:30:55	BTCUSDT	0.011970	29275.42	lP6nNl6QN1	BUY
00:30:57	BTCUSDT	0.011970	29272.42	lP6nN4CfU1	BUY
00:31:02	BTCUSDT	0.011970	29299.42	lP6nNEyn71	BUY
00:31:04	BTCUSDT	0.011970	29296.42	lP6nNTo3f1	BUY
00:31:05	BTCUSDT	0.011970	29293.42	lP6nNLW9y1	BUY
00:31:07	BTCUSDT	0.011970	29290.42	lP6nNQgFl1	BUY
00:31:08	BTCUSDT	0.011970	29287.42	lP6nN1Fqt1	BUY
00:31:10	BTCUSDT	0.011970	29284.42	lP6nNhMw41	BUY
00:31:11	BTCUSDT	0.011970	29281.42	lP6nNg2Uu1	BUY
00:31:13	BTCUSDT	0.011970	29278.42	lP6nNKgsq1	BUY
00:31:14	BTCUSDT	0.011970	29275.42	lP6nNl6QN1	BUY
00:31:16	BTCUSDT	0.011970	29272.42	lP6nN4CfU1	BUY
00:31:21	BTCUSDT	0.011970	29299.42	lP6nNEyn71	BUY
00:31:23	BTCUSDT	0.011970	29296.42	lP6nNTo3f1	BUY
00:31:24	BTCUSDT	0.011970	29293.42	lP6nNLW9y1	BUY
00:31:26	BTCUSDT	0.011970	29290.42	lP6nNQgFl1	BUY
00:31:27	BTCUSDT	0.011970	29287.42	lP6nN1Fqt1	BUY
00:31:29	BTCUSDT	0.011970	29284.42	lP6nNhMw41	BUY
00:31:30	BTCUSDT	0.011970	29281.42	lP6nNg2Uu1	BUY
00:31:32	BTCUSDT	0.011970	29278.42	lP6nNKgsq1	BUY
00:31:33	BTCUSDT	0.011970	29275.42	lP6nNl6QN1	BUY
00:31:35	BTCUSDT	0.011970	29272.42	lP6nN4CfU1	BUY
00:31:40	BTCUSDT	0.011970	29299.42	lP6nNEyn71	BUY
00:31:42	BTCUSDT	0.011970	29296.42	lP6nNTo3f1	BUY
00:31:43	BTCUSDT	0.011970	29293.42	lP6nNLW9y1	BUY
00:31:45	BTCUSDT	0.011970	29290.42	lP6nNQgFl1	BUY
00:31:46	BTCUSDT	0.011970	29287.42	lP6nN1Fqt1	BUY
00:31:48	BTCUSDT	0.011970	29284.42	lP6nNhMw41	BUY
00:31:49	BTCUSDT	0.011970	29281.42	lP6nNg2Uu1	BUY
00:31:51	BTCUSDT	0.011970	29278.42	lP6nNKgsq1	BUY
00:31:52	BTCUSDT	0.011970	29275.42	lP6nNl6QN1	BUY
00:31:54	BTCUSDT	0.011970	29272.42	lP6nN4CfU1	BUY
00:31:59	BTCUSDT	0.011970	29299.42	lP6nNEyn71	BUY
00:32:01	BTCUSDT	0.011970	29296.42	lP6nNTo3f1	BUY
00:32:02	BTCUSDT	0.011970	29293.42	lP6nNLW9y1	BUY
00:32:04	BTCUSDT	0.011970	29290.42	lP6nNQgFl1	BUY
00:32:05	BTCUSDT	0.011970	29287.42	lP6nN1Fqt1	BUY
00:32:07	BTCUSDT	0.011970	29284.42	lP6nNhMw41	BUY
00:32:08	BTCUSDT	0.011970	29281.42	lP6nNg2Uu1	BUY
00:32:10	BTCUSDT	0.011970	29278.42	lP6nNKgsq1	BUY
00:32:11	BTCUSDT	0.011970	29275.42	lP6nNl6QN1	BUY
00:32:13	BTCUSDT	0.011970	29272.42	lP6nN4CfU1	BUY
00:32:18	BTCUSDT	0.011970	29299.42	lP6nNEyn71	BUY
00:32:19	BTCUSDT	0.011970	29296.42	lP6nNTo3f1	BUY
00:32:21	BTCUSDT	0.011970	29293.42	lP6nNLW9y1	BUY
00:32:22	BTCUSDT	0.011970	29290.42	lP6nNQgFl1	BUY
00:32:24	BTCUSDT	0.011970	29287.42	lP6nN1Fqt1	BUY
00:32:25	BTCUSDT	0.011970	29284.42	lP6nNhMw41	BUY
00:32:27	BTCUSDT	0.011970	29281.42	lP6nNg2Uu1	BUY
00:32:29	BTCUSDT	0.011970	29278.42	lP6nNKgsq1	BUY
00:32:30	BTCUSDT	0.011970	29275.42	lP6nNl6QN1	BUY
00:32:32	BTCUSDT	0.011970	29272.42	lP6nN4CfU1	BUY
00:32:37	BTCUSDT	0.011970	29299.42	lP6nNEyn71	BUY
00:32:38	BTCUSDT	0.011970	29296.42	lP6nNTo3f1	BUY
00:32:40	BTCUSDT	0.011970	29293.42	lP6nNLW9y1	BUY
00:32:41	BTCUSDT	0.011970	29290.42	lP6nNQgFl1	BUY
00:32:43	BTCUSDT	0.011970	29287.42	lP6nN1Fqt1	BUY
00:32:44	BTCUSDT	0.011970	29284.42	lP6nNhMw41	BUY
00:32:46	BTCUSDT	0.011970	29281.42	lP6nNg2Uu1	BUY
00:32:47	BTCUSDT	0.011970	29278.42	lP6nNKgsq1	BUY
00:32:49	BTCUSDT	0.011970	29275.42	lP6nNl6QN1	BUY
00:32:50	BTCUSDT	0.011970	29272.42	lP6nN4CfU1	BUY
00:32:55	BTCUSDT	0.011970	29299.42	lP6nNEyn71	BUY
00:32:57	BTCUSDT	0.011970	29296.42	lP6nNTo3f1	BUY
00:32:59	BTCUSDT	0.011970	29293.42	lP6nNLW9y1	BUY
00:33:00	BTCUSDT	0.011970	29290.42	lP6nNQgFl1	BUY
00:33:02	BTCUSDT	0.011970	29287.42	lP6nN1Fqt1	BUY
00:33:03	BTCUSDT	0.011970	29284.42	lP6nNhMw41	BUY
00:33:05	BTCUSDT	0.011970	29281.42	lP6nNg2Uu1	BUY
00:33:06	BTCUSDT	0.011970	29278.42	lP6nNKgsq1	BUY
00:33:08	BTCUSDT	0.011970	29275.42	lP6nNl6QN1	BUY
00:33:09	BTCUSDT	0.011970	29272.42	lP6nN4CfU1	BUY
00:33:14	BTCUSDT	0.011970	29299.42	lP6nNEyn71	BUY
00:33:16	BTCUSDT	0.011970	29296.42	lP6nNTo3f1	BUY
00:33:17	BTCUSDT	0.011970	29293.42	lP6nNLW9y1	BUY
00:33:19	BTCUSDT	0.011970	29290.42	lP6nNQgFl1	BUY
00:33:20	BTCUSDT	0.011970	29287.42	lP6nN1Fqt1	BUY
00:33:22	BTCUSDT	0.011970	29284.42	lP6nNhMw41	BUY
00:33:23	BTCUSDT	0.011970	29281.42	lP6nNg2Uu1	BUY
00:33:25	BTCUSDT	0.011970	29278.42	lP6nNKgsq1	BUY
00:33:26	BTCUSDT	0.011970	29275.42	lP6nNl6QN1	BUY
00:33:28	BTCUSDT	0.011970	29272.42	lP6nN4CfU1	BUY
00:33:33	BTCUSDT	0.011970	29299.42	lP6nNEyn71	BUY
00:33:35	BTCUSDT	0.011970	29296.42	lP6nNTo3f1	BUY
00:33:36	BTCUSDT	0.011970	29293.42	lP6nNLW9y1	BUY
00:33:38	BTCUSDT	0.011970	29290.42	lP6nNQgFl1	BUY
00:33:39	BTCUSDT	0.011970	29287.42	lP6nN1Fqt1	BUY
00:33:41	BTCUSDT	0.011970	29284.42	lP6nNhMw41	BUY
00:33:42	BTCUSDT	0.011970	29281.42	lP6nNg2Uu1	BUY
00:33:44	BTCUSDT	0.011970	29278.42	lP6nNKgsq1	BUY
00:33:45	BTCUSDT	0.011970	29275.42	lP6nNl6QN1	BUY
00:33:47	BTCUSDT	0.011970	29272.42	lP6nN4CfU1	BUY
00:33:52	BTCUSDT	0.011970	29299.42	lP6nNEyn71	BUY
00:33:53	BTCUSDT	0.011970	29296.42	lP6nNTo3f1	BUY
00:33:55	BTCUSDT	0.011970	29293.42	lP6nNLW9y1	BUY
00:33:56	BTCUSDT	0.011970	29290.42	lP6nNQgFl1	BUY
00:33:58	BTCUSDT	0.011970	29287.42	lP6nN1Fqt1	BUY
00:33:59	BTCUSDT	0.011970	29284.42	lP6nNhMw41	BUY
00:34:01	BTCUSDT	0.011970	29281.42	lP6nNg2Uu1	BUY
00:34:03	BTCUSDT	0.011970	29278.42	lP6nNKgsq1	BUY
00:34:04	BTCUSDT	0.011970	29275.42	lP6nNl6QN1	BUY
00:34:06	BTCUSDT	0.011970	29272.42	lP6nN4CfU1	BUY
00:34:11	BTCUSDT	0.011970	29299.42	lP6nNEyn71	BUY
00:34:12	BTCUSDT	0.011970	29296.42	lP6nNTo3f1	BUY
00:34:14	BTCUSDT	0.011970	29293.42	lP6nNLW9y1	BUY
00:34:15	BTCUSDT	0.011970	29290.42	lP6nNQgFl1	BUY
00:34:17	BTCUSDT	0.011970	29287.42	lP6nN1Fqt1	BUY
00:34:18	BTCUSDT	0.011970	29284.42	lP6nNhMw41	BUY
00:34:20	BTCUSDT	0.011970	29281.42	lP6nNg2Uu1	BUY
00:34:21	BTCUSDT	0.011970	29278.42	lP6nNKgsq1	BUY
00:34:23	BTCUSDT	0.011970	29275.42	lP6nNl6QN1	BUY
00:34:24	BTCUSDT	0.011970	29272.42	lP6nN4CfU1	BUY
00:34:29	BTCUSDT	0.011970	29299.42	lP6nNEyn71	BUY
00:34:31	BTCUSDT	0.011970	29296.42	lP6nNTo3f1	BUY
00:34:32	BTCUSDT	0.011970	29293.42	lP6nNLW9y1	BUY
00:34:34	BTCUSDT	0.011970	29290.42	lP6nNQgFl1	BUY
00:34:35	BTCUSDT	0.011970	29287.42	lP6nN1Fqt1	BUY
00:34:37	BTCUSDT	0.011970	29284.42	lP6nNhMw41	BUY
00:34:38	BTCUSDT	0.011970	29281.42	lP6nNg2Uu1	BUY
00:34:40	BTCUSDT	0.011970	29278.42	lP6nNKgsq1	BUY
00:34:41	BTCUSDT	0.011970	29275.42	lP6nNl6QN1	BUY
00:34:43	BTCUSDT	0.011970	29272.42	lP6nN4CfU1	BUY
00:34:48	BTCUSDT	0.011970	29299.42	lP6nNEyn71	BUY
00:34:50	BTCUSDT	0.011970	29296.42	lP6nNTo3f1	BUY
00:34:51	BTCUSDT	0.011970	29293.42	lP6nNLW9y1	BUY
00:34:53	BTCUSDT	0.011970	29290.42	lP6nNQgFl1	BUY
00:34:54	BTCUSDT	0.011970	29287.42	lP6nN1Fqt1	BUY
00:34:56	BTCUSDT	0.011970	29284.42	lP6nNhMw41	BUY
00:34:57	BTCUSDT	0.011970	29281.42	lP6nNg2Uu1	BUY
00:34:59	BTCUSDT	0.011970	29278.42	lP6nNKgsq1	BUY
00:35:00	BTCUSDT	0.011970	29275.42	lP6nNl6QN1	BUY
00:35:02	BTCUSDT	0.011970	29272.42	lP6nN4CfU1	BUY
00:35:08	BTCUSDT	0.011970	29299.42	lP6nNEyn71	BUY
00:35:09	BTCUSDT	0.011970	29296.42	lP6nNTo3f1	BUY
00:35:11	BTCUSDT	0.011970	29293.42	lP6nNLW9y1	BUY
00:35:12	BTCUSDT	0.011970	29290.42	lP6nNQgFl1	BUY
00:35:14	BTCUSDT	0.011970	29287.42	lP6nN1Fqt1	BUY
00:35:15	BTCUSDT	0.011970	29284.42	lP6nNhMw41	BUY
00:35:17	BTCUSDT	0.011970	29281.42	lP6nNg2Uu1	BUY
00:35:18	BTCUSDT	0.011970	29278.42	lP6nNKgsq1	BUY
00:35:20	BTCUSDT	0.011970	29275.42	lP6nNl6QN1	BUY
00:35:21	BTCUSDT	0.011970	29272.42	lP6nN4CfU1	BUY
00:35:27	BTCUSDT	0.011970	29299.42	lP6nNEyn71	BUY
00:35:28	BTCUSDT	0.011970	29296.42	lP6nNTo3f1	BUY
00:35:30	BTCUSDT	0.011970	29293.42	lP6nNLW9y1	BUY
00:35:31	BTCUSDT	0.011970	29290.42	lP6nNQgFl1	BUY
00:35:33	BTCUSDT	0.011970	29287.42	lP6nN1Fqt1	BUY
00:35:34	BTCUSDT	0.011970	29284.42	lP6nNhMw41	BUY
00:35:36	BTCUSDT	0.011970	29281.42	lP6nNg2Uu1	BUY
00:35:37	BTCUSDT	0.011970	29278.42	lP6nNKgsq1	BUY
00:35:39	BTCUSDT	0.011970	29275.42	lP6nNl6QN1	BUY
00:35:40	BTCUSDT	0.011970	29272.42	lP6nN4CfU1	BUY
00:35:46	BTCUSDT	0.011970	29299.42	lP6nNEyn71	BUY
00:35:47	BTCUSDT	0.011970	29296.42	lP6nNTo3f1	BUY
00:35:49	BTCUSDT	0.011970	29293.42	lP6nNLW9y1	BUY
00:35:50	BTCUSDT	0.011970	29290.42	lP6nNQgFl1	BUY
00:35:52	BTCUSDT	0.011970	29287.42	lP6nN1Fqt1	BUY
00:35:53	BTCUSDT	0.011970	29284.42	lP6nNhMw41	BUY
00:35:55	BTCUSDT	0.011970	29281.42	lP6nNg2Uu1	BUY
00:35:56	BTCUSDT	0.011970	29278.42	lP6nNKgsq1	BUY
00:35:58	BTCUSDT	0.011970	29275.42	lP6nNl6QN1	BUY
00:35:59	BTCUSDT	0.011970	29272.42	lP6nN4CfU1	BUY
00:36:05	BTCUSDT	0.011970	29299.42	lP6nNEyn71	BUY
00:36:07	BTCUSDT	0.011970	29296.42	lP6nNTo3f1	BUY
00:36:08	BTCUSDT	0.011970	29293.42	lP6nNLW9y1	BUY
00:36:10	BTCUSDT	0.011970	29290.42	lP6nNQgFl1	BUY
00:36:11	BTCUSDT	0.011970	29287.42	lP6nN1Fqt1	BUY
00:36:13	BTCUSDT	0.011970	29284.42	lP6nNhMw41	BUY
00:36:14	BTCUSDT	0.011970	29281.42	lP6nNg2Uu1	BUY
00:36:16	BTCUSDT	0.011970	29278.42	lP6nNKgsq1	BUY
00:36:17	BTCUSDT	0.011970	29275.42	lP6nNl6QN1	BUY
00:36:19	BTCUSDT	0.011970	29272.42	lP6nN4CfU1	BUY
00:36:25	BTCUSDT	0.011970	29299.42	lP6nNEyn71	BUY
00:36:26	BTCUSDT	0.011970	29296.42	lP6nNTo3f1	BUY
00:36:28	BTCUSDT	0.011970	29293.42	lP6nNLW9y1	BUY
00:36:29	BTCUSDT	0.011970	29290.42	lP6nNQgFl1	BUY
00:36:31	BTCUSDT	0.011970	29287.42	lP6nN1Fqt1	BUY
00:36:33	BTCUSDT	0.011970	29284.42	lP6nNhMw41	BUY
00:36:34	BTCUSDT	0.011970	29281.42	lP6nNg2Uu1	BUY
00:36:36	BTCUSDT	0.011970	29278.42	lP6nNKgsq1	BUY
00:36:37	BTCUSDT	0.011970	29275.42	lP6nNl6QN1	BUY
00:36:39	BTCUSDT	0.011970	29272.42	lP6nN4CfU1	BUY
00:36:44	BTCUSDT	0.011970	29299.42	lP6nNEyn71	BUY
00:36:45	BTCUSDT	0.011970	29296.42	lP6nNTo3f1	BUY
00:36:47	BTCUSDT	0.011970	29293.42	lP6nNLW9y1	BUY
00:36:48	BTCUSDT	0.011970	29290.42	lP6nNQgFl1	BUY
00:36:50	BTCUSDT	0.011970	29287.42	lP6nN1Fqt1	BUY
00:36:51	BTCUSDT	0.011970	29284.42	lP6nNhMw41	BUY
00:36:53	BTCUSDT	0.011970	29281.42	lP6nNg2Uu1	BUY
00:36:54	BTCUSDT	0.011970	29278.42	lP6nNKgsq1	BUY
00:36:56	BTCUSDT	0.011970	29275.42	lP6nNl6QN1	BUY
00:36:57	BTCUSDT	0.011970	29272.42	lP6nN4CfU1	BUY
00:37:03	BTCUSDT	0.011970	29299.42	lP6nNEyn71	BUY
00:37:04	BTCUSDT	0.011970	29296.42	lP6nNTo3f1	BUY
00:37:06	BTCUSDT	0.011970	29293.42	lP6nNLW9y1	BUY
00:37:07	BTCUSDT	0.011970	29290.42	lP6nNQgFl1	BUY
00:37:09	BTCUSDT	0.011970	29287.42	lP6nN1Fqt1	BUY
00:37:10	BTCUSDT	0.011970	29284.42	lP6nNhMw41	BUY
00:37:12	BTCUSDT	0.011970	29281.42	lP6nNg2Uu1	BUY
00:37:13	BTCUSDT	0.011970	29278.42	lP6nNKgsq1	BUY
00:37:15	BTCUSDT	0.011970	29275.42	lP6nNl6QN1	BUY
00:37:16	BTCUSDT	0.011970	29272.42	lP6nN4CfU1	BUY
00:37:22	BTCUSDT	0.011970	29299.42	lP6nNEyn71	BUY
00:37:23	BTCUSDT	0.011970	29296.42	lP6nNTo3f1	BUY
00:37:25	BTCUSDT	0.011970	29293.42	lP6nNLW9y1	BUY
00:37:26	BTCUSDT	0.011970	29290.42	lP6nNQgFl1	BUY
00:37:28	BTCUSDT	0.011970	29287.42	lP6nN1Fqt1	BUY
00:37:29	BTCUSDT	0.011970	29284.42	lP6nNhMw41	BUY
00:37:31	BTCUSDT	0.011970	29281.42	lP6nNg2Uu1	BUY
00:37:32	BTCUSDT	0.011970	29278.42	lP6nNKgsq1	BUY
00:37:34	BTCUSDT	0.011970	29275.42	lP6nNl6QN1	BUY
00:37:35	BTCUSDT	0.011970	29272.42	lP6nN4CfU1	BUY
00:37:40	BTCUSDT	0.011970	29299.42	lP6nNEyn71	BUY
00:37:42	BTCUSDT	0.011970	29296.42	lP6nNTo3f1	BUY
00:37:43	BTCUSDT	0.011970	29293.42	lP6nNLW9y1	BUY
00:37:45	BTCUSDT	0.011970	29290.42	lP6nNQgFl1	BUY
00:37:46	BTCUSDT	0.011970	29287.42	lP6nN1Fqt1	BUY
00:37:48	BTCUSDT	0.011970	29284.42	lP6nNhMw41	BUY
00:37:49	BTCUSDT	0.011970	29281.42	lP6nNg2Uu1	BUY
00:37:51	BTCUSDT	0.011970	29278.42	lP6nNKgsq1	BUY
00:37:52	BTCUSDT	0.011970	29275.42	lP6nNl6QN1	BUY
00:37:54	BTCUSDT	0.011970	29272.42	lP6nN4CfU1	BUY
00:37:59	BTCUSDT	0.011970	29299.42	lP6nNEyn71	BUY
00:38:01	BTCUSDT	0.011970	29296.42	lP6nNTo3f1	BUY
00:38:02	BTCUSDT	0.011970	29293.42	lP6nNLW9y1	BUY
00:38:04	BTCUSDT	0.011970	29290.42	lP6nNQgFl1	BUY
00:38:05	BTCUSDT	0.011970	29287.42	lP6nN1Fqt1	BUY
00:38:07	BTCUSDT	0.011970	29284.42	lP6nNhMw41	BUY
00:38:08	BTCUSDT	0.011970	29281.42	lP6nNg2Uu1	BUY
00:38:10	BTCUSDT	0.011970	29278.42	lP6nNKgsq1	BUY
00:38:11	BTCUSDT	0.011970	29275.42	lP6nNl6QN1	BUY
00:38:13	BTCUSDT	0.011970	29272.42	lP6nN4CfU1	BUY
00:38:18	BTCUSDT	0.011970	29299.42	lP6nNEyn71	BUY
00:38:19	BTCUSDT	0.011970	29296.42	lP6nNTo3f1	BUY
00:38:21	BTCUSDT	0.011970	29293.42	lP6nNLW9y1	BUY
00:38:23	BTCUSDT	0.011970	29290.42	lP6nNQgFl1	BUY
00:38:24	BTCUSDT	0.011970	29287.42	lP6nN1Fqt1	BUY
00:38:26	BTCUSDT	0.011970	29284.42	lP6nNhMw41	BUY
00:38:27	BTCUSDT	0.011970	29281.42	lP6nNg2Uu1	BUY
00:38:29	BTCUSDT	0.011970	29278.42	lP6nNKgsq1	BUY
00:38:30	BTCUSDT	0.011970	29275.42	lP6nNl6QN1	BUY
00:38:32	BTCUSDT	0.011970	29272.42	lP6nN4CfU1	BUY
00:38:37	BTCUSDT	0.011970	29299.42	lP6nNEyn71	BUY
00:38:38	BTCUSDT	0.011970	29296.42	lP6nNTo3f1	BUY
00:38:40	BTCUSDT	0.011970	29293.42	lP6nNLW9y1	BUY
00:38:41	BTCUSDT	0.011970	29290.42	lP6nNQgFl1	BUY
00:38:43	BTCUSDT	0.011970	29287.42	lP6nN1Fqt1	BUY
00:38:44	BTCUSDT	0.011970	29284.42	lP6nNhMw41	BUY
00:38:46	BTCUSDT	0.011970	29281.42	lP6nNg2Uu1	BUY
00:38:47	BTCUSDT	0.011970	29278.42	lP6nNKgsq1	BUY
00:38:49	BTCUSDT	0.011970	29275.42	lP6nNl6QN1	BUY
00:38:50	BTCUSDT	0.011970	29272.42	lP6nN4CfU1	BUY
00:38:55	BTCUSDT	0.011970	29299.42	lP6nNEyn71	BUY
00:38:57	BTCUSDT	0.011970	29296.42	lP6nNTo3f1	BUY
00:38:58	BTCUSDT	0.011970	29293.42	lP6nNLW9y1	BUY
00:39:00	BTCUSDT	0.011970	29290.42	lP6nNQgFl1	BUY
00:39:01	BTCUSDT	0.011970	29287.42	lP6nN1Fqt1	BUY
00:39:03	BTCUSDT	0.011970	29284.42	lP6nNhMw41	BUY
00:39:05	BTCUSDT	0.011970	29281.42	lP6nNg2Uu1	BUY
00:39:06	BTCUSDT	0.011970	29278.42	lP6nNKgsq1	BUY
00:39:08	BTCUSDT	0.011970	29275.42	lP6nNl6QN1	BUY
00:39:09	BTCUSDT	0.011970	29272.42	lP6nN4CfU1	BUY
00:39:14	BTCUSDT	0.011970	29299.42	lP6nNEyn71	BUY
00:39:16	BTCUSDT	0.011970	29296.42	lP6nNTo3f1	BUY
00:39:17	BTCUSDT	0.011970	29293.42	lP6nNLW9y1	BUY
00:39:19	BTCUSDT	0.011970	29290.42	lP6nNQgFl1	BUY
00:39:20	BTCUSDT	0.011970	29287.42	lP6nN1Fqt1	BUY
00:39:22	BTCUSDT	0.011970	29284.42	lP6nNhMw41	BUY
00:39:23	BTCUSDT	0.011970	29281.42	lP6nNg2Uu1	BUY
00:39:25	BTCUSDT	0.011970	29278.42	lP6nNKgsq1	BUY
00:39:26	BTCUSDT	0.011970	29275.42	lP6nNl6QN1	BUY
00:39:28	BTCUSDT	0.011970	29272.42	lP6nN4CfU1	BUY
00:39:33	BTCUSDT	0.011970	29299.42	lP6nNEyn71	BUY
00:39:35	BTCUSDT	0.011970	29296.42	lP6nNTo3f1	BUY
00:39:36	BTCUSDT	0.011970	29293.42	lP6nNLW9y1	BUY
00:39:38	BTCUSDT	0.011970	29290.42	lP6nNQgFl1	BUY
00:39:39	BTCUSDT	0.011970	29287.42	lP6nN1Fqt1	BUY
00:39:41	BTCUSDT	0.011970	29284.42	lP6nNhMw41	BUY
00:39:42	BTCUSDT	0.011970	29281.42	lP6nNg2Uu1	BUY
00:39:44	BTCUSDT	0.011970	29278.42	lP6nNKgsq1	BUY
00:39:45	BTCUSDT	0.011970	29275.42	lP6nNl6QN1	BUY
00:39:47	BTCUSDT	0.011970	29272.42	lP6nN4CfU1	BUY
00:39:52	BTCUSDT	0.011970	29299.42	lP6nNEyn71	BUY
00:39:54	BTCUSDT	0.011970	29296.42	lP6nNTo3f1	BUY
00:39:55	BTCUSDT	0.011970	29293.42	lP6nNLW9y1	BUY
00:39:57	BTCUSDT	0.011970	29290.42	lP6nNQgFl1	BUY
00:39:58	BTCUSDT	0.011970	29287.42	lP6nN1Fqt1	BUY
00:40:00	BTCUSDT	0.011970	29284.42	lP6nNhMw41	BUY
00:40:01	BTCUSDT	0.011970	29281.42	lP6nNg2Uu1	BUY
00:40:03	BTCUSDT	0.011970	29278.42	lP6nNKgsq1	BUY
00:40:04	BTCUSDT	0.011970	29275.42	lP6nNl6QN1	BUY
00:40:06	BTCUSDT	0.011970	29272.42	lP6nN4CfU1	BUY
00:40:11	BTCUSDT	0.011970	29299.42	lP6nNEyn71	BUY
00:40:12	BTCUSDT	0.011970	29296.42	lP6nNTo3f1	BUY
00:40:14	BTCUSDT	0.011970	29293.42	lP6nNLW9y1	BUY
00:40:15	BTCUSDT	0.011970	29290.42	lP6nNQgFl1	BUY
00:40:17	BTCUSDT	0.011970	29287.42	lP6nN1Fqt1	BUY
00:40:18	BTCUSDT	0.011970	29284.42	lP6nNhMw41	BUY
00:40:20	BTCUSDT	0.011970	29281.42	lP6nNg2Uu1	BUY
00:40:21	BTCUSDT	0.011970	29278.42	lP6nNKgsq1	BUY
00:40:23	BTCUSDT	0.011970	29275.42	lP6nNl6QN1	BUY
00:40:24	BTCUSDT	0.011970	29272.42	lP6nN4CfU1	BUY
00:40:30	BTCUSDT	0.011970	29299.42	lP6nNEyn71	BUY
00:40:31	BTCUSDT	0.011970	29296.42	lP6nNTo3f1	BUY
00:40:33	BTCUSDT	0.011970	29293.42	lP6nNLW9y1	BUY
00:40:34	BTCUSDT	0.011970	29290.42	lP6nNQgFl1	BUY
00:40:36	BTCUSDT	0.011970	29287.42	lP6nN1Fqt1	BUY
00:40:37	BTCUSDT	0.011970	29284.42	lP6nNhMw41	BUY
00:40:39	BTCUSDT	0.011970	29281.42	lP6nNg2Uu1	BUY
00:40:40	BTCUSDT	0.011970	29278.42	lP6nNKgsq1	BUY
00:40:42	BTCUSDT	0.011970	29275.42	lP6nNl6QN1	BUY
00:40:43	BTCUSDT	0.011970	29272.42	lP6nN4CfU1	BUY
00:40:48	BTCUSDT	0.011970	29299.42	lP6nNEyn71	BUY
00:40:50	BTCUSDT	0.011970	29296.42	lP6nNTo3f1	BUY
00:40:51	BTCUSDT	0.011970	29293.42	lP6nNLW9y1	BUY
00:40:53	BTCUSDT	0.011970	29290.42	lP6nNQgFl1	BUY
00:40:54	BTCUSDT	0.011970	29287.42	lP6nN1Fqt1	BUY
00:40:56	BTCUSDT	0.011970	29284.42	lP6nNhMw41	BUY
00:40:57	BTCUSDT	0.011970	29281.42	lP6nNg2Uu1	BUY
00:40:59	BTCUSDT	0.011970	29278.42	lP6nNKgsq1	BUY
00:41:00	BTCUSDT	0.011970	29275.42	lP6nNl6QN1	BUY
00:41:02	BTCUSDT	0.011970	29272.42	lP6nN4CfU1	BUY
00:41:07	BTCUSDT	0.011970	29299.42	lP6nNEyn71	BUY
00:41:09	BTCUSDT	0.011970	29296.42	lP6nNTo3f1	BUY
00:41:10	BTCUSDT	0.011970	29293.42	lP6nNLW9y1	BUY
00:41:12	BTCUSDT	0.011970	29290.42	lP6nNQgFl1	BUY
00:41:13	BTCUSDT	0.011970	29287.42	lP6nN1Fqt1	BUY
00:41:15	BTCUSDT	0.011970	29284.42	lP6nNhMw41	BUY
00:41:16	BTCUSDT	0.011970	29281.42	lP6nNg2Uu1	BUY
00:41:18	BTCUSDT	0.011970	29278.42	lP6nNKgsq1	BUY
00:41:19	BTCUSDT	0.011970	29275.42	lP6nNl6QN1	BUY
00:41:21	BTCUSDT	0.011970	29272.42	lP6nN4CfU1	BUY
00:41:26	BTCUSDT	0.011970	29299.42	lP6nNEyn71	BUY
00:41:27	BTCUSDT	0.011970	29296.42	lP6nNTo3f1	BUY
00:41:29	BTCUSDT	0.011970	29293.42	lP6nNLW9y1	BUY
00:41:30	BTCUSDT	0.011970	29290.42	lP6nNQgFl1	BUY
00:41:32	BTCUSDT	0.011970	29287.42	lP6nN1Fqt1	BUY
00:41:33	BTCUSDT	0.011970	29284.42	lP6nNhMw41	BUY
00:41:35	BTCUSDT	0.011970	29281.42	lP6nNg2Uu1	BUY
00:41:36	BTCUSDT	0.011970	29278.42	lP6nNKgsq1	BUY
00:41:38	BTCUSDT	0.011970	29275.42	lP6nNl6QN1	BUY
00:41:40	BTCUSDT	0.011970	29272.42	lP6nN4CfU1	BUY
00:41:45	BTCUSDT	0.011970	29299.42	lP6nNEyn71	BUY
00:41:46	BTCUSDT	0.011970	29296.42	lP6nNTo3f1	BUY
00:41:48	BTCUSDT	0.011970	29293.42	lP6nNLW9y1	BUY
00:41:49	BTCUSDT	0.011970	29290.42	lP6nNQgFl1	BUY
00:41:51	BTCUSDT	0.011970	29287.42	lP6nN1Fqt1	BUY
00:41:52	BTCUSDT	0.011970	29284.42	lP6nNhMw41	BUY
00:41:54	BTCUSDT	0.011970	29281.42	lP6nNg2Uu1	BUY
00:41:55	BTCUSDT	0.011970	29278.42	lP6nNKgsq1	BUY
00:41:57	BTCUSDT	0.011970	29275.42	lP6nNl6QN1	BUY
00:41:58	BTCUSDT	0.011970	29272.42	lP6nN4CfU1	BUY
00:42:04	BTCUSDT	0.011970	29299.42	lP6nNEyn71	BUY
00:42:05	BTCUSDT	0.011970	29296.42	lP6nNTo3f1	BUY
00:42:07	BTCUSDT	0.011970	29293.42	lP6nNLW9y1	BUY
00:42:08	BTCUSDT	0.011970	29290.42	lP6nNQgFl1	BUY
00:42:10	BTCUSDT	0.011970	29287.42	lP6nN1Fqt1	BUY
00:42:11	BTCUSDT	0.011970	29284.42	lP6nNhMw41	BUY
00:42:13	BTCUSDT	0.011970	29281.42	lP6nNg2Uu1	BUY
00:42:14	BTCUSDT	0.011970	29278.42	lP6nNKgsq1	BUY
00:42:16	BTCUSDT	0.011970	29275.42	lP6nNl6QN1	BUY
00:42:17	BTCUSDT	0.011970	29272.42	lP6nN4CfU1	BUY
00:42:22	BTCUSDT	0.011970	29299.42	lP6nNEyn71	BUY
00:42:24	BTCUSDT	0.011970	29296.42	lP6nNTo3f1	BUY
00:42:25	BTCUSDT	0.011970	29293.42	lP6nNLW9y1	BUY
00:42:27	BTCUSDT	0.011970	29290.42	lP6nNQgFl1	BUY
00:42:28	BTCUSDT	0.011970	29287.42	lP6nN1Fqt1	BUY
00:42:30	BTCUSDT	0.011970	29284.42	lP6nNhMw41	BUY
00:42:31	BTCUSDT	0.011970	29281.42	lP6nNg2Uu1	BUY
00:42:33	BTCUSDT	0.011970	29278.42	lP6nNKgsq1	BUY
00:42:35	BTCUSDT	0.011970	29275.42	lP6nNl6QN1	BUY
00:42:36	BTCUSDT	0.011970	29272.42	lP6nN4CfU1	BUY
00:42:41	BTCUSDT	0.011970	29299.42	lP6nNEyn71	BUY
00:42:43	BTCUSDT	0.011970	29296.42	lP6nNTo3f1	BUY
00:42:44	BTCUSDT	0.011970	29293.42	lP6nNLW9y1	BUY
00:42:46	BTCUSDT	0.011970	29290.42	lP6nNQgFl1	BUY
00:42:47	BTCUSDT	0.011970	29287.42	lP6nN1Fqt1	BUY
00:42:49	BTCUSDT	0.011970	29284.42	lP6nNhMw41	BUY
00:42:50	BTCUSDT	0.011970	29281.42	lP6nNg2Uu1	BUY
00:42:52	BTCUSDT	0.011970	29278.42	lP6nNKgsq1	BUY
00:42:53	BTCUSDT	0.011970	29275.42	lP6nNl6QN1	BUY
00:42:55	BTCUSDT	0.011970	29272.42	lP6nN4CfU1	BUY
00:43:00	BTCUSDT	0.011970	29299.42	lP6nNEyn71	BUY
00:43:02	BTCUSDT	0.011970	29296.42	lP6nNTo3f1	BUY
00:43:03	BTCUSDT	0.011970	29293.42	lP6nNLW9y1	BUY
00:43:05	BTCUSDT	0.011970	29290.42	lP6nNQgFl1	BUY
00:43:06	BTCUSDT	0.011970	29287.42	lP6nN1Fqt1	BUY
00:43:08	BTCUSDT	0.011970	29284.42	lP6nNhMw41	BUY
00:43:09	BTCUSDT	0.011970	29281.42	lP6nNg2Uu1	BUY
00:43:11	BTCUSDT	0.011970	29278.42	lP6nNKgsq1	BUY
00:43:12	BTCUSDT	0.011970	29275.42	lP6nNl6QN1	BUY
00:43:14	BTCUSDT	0.011970	29272.42	lP6nN4CfU1	BUY
00:43:19	BTCUSDT	0.011970	29299.42	lP6nNEyn71	BUY
00:43:20	BTCUSDT	0.011970	29296.42	lP6nNTo3f1	BUY
00:43:22	BTCUSDT	0.011970	29293.42	lP6nNLW9y1	BUY
00:43:23	BTCUSDT	0.011970	29290.42	lP6nNQgFl1	BUY
00:43:25	BTCUSDT	0.011970	29287.42	lP6nN1Fqt1	BUY
00:43:27	BTCUSDT	0.011970	29284.42	lP6nNhMw41	BUY
00:43:28	BTCUSDT	0.011970	29281.42	lP6nNg2Uu1	BUY
00:43:30	BTCUSDT	0.011970	29278.42	lP6nNKgsq1	BUY
00:43:31	BTCUSDT	0.011970	29275.42	lP6nNl6QN1	BUY
00:43:33	BTCUSDT	0.011970	29272.42	lP6nN4CfU1	BUY
00:43:38	BTCUSDT	0.011970	29299.42	lP6nNEyn71	BUY
00:43:40	BTCUSDT	0.011970	29296.42	lP6nNTo3f1	BUY
00:43:41	BTCUSDT	0.011970	29293.42	lP6nNLW9y1	BUY
00:43:43	BTCUSDT	0.011970	29290.42	lP6nNQgFl1	BUY
00:43:44	BTCUSDT	0.011970	29287.42	lP6nN1Fqt1	BUY
00:43:46	BTCUSDT	0.011970	29284.42	lP6nNhMw41	BUY
00:43:47	BTCUSDT	0.011970	29281.42	lP6nNg2Uu1	BUY
00:43:49	BTCUSDT	0.011970	29278.42	lP6nNKgsq1	BUY
00:43:50	BTCUSDT	0.011970	29275.42	lP6nNl6QN1	BUY
00:43:52	BTCUSDT	0.011970	29272.42	lP6nN4CfU1	BUY
00:43:58	BTCUSDT	0.011970	29299.42	lP6nNEyn71	BUY
00:43:59	BTCUSDT	0.011970	29296.42	lP6nNTo3f1	BUY
00:44:01	BTCUSDT	0.011970	29293.42	lP6nNLW9y1	BUY
00:44:02	BTCUSDT	0.011970	29290.42	lP6nNQgFl1	BUY
00:44:04	BTCUSDT	0.011970	29287.42	lP6nN1Fqt1	BUY
00:44:05	BTCUSDT	0.011970	29284.42	lP6nNhMw41	BUY
00:44:07	BTCUSDT	0.011970	29281.42	lP6nNg2Uu1	BUY
00:44:08	BTCUSDT	0.011970	29278.42	lP6nNKgsq1	BUY
00:44:10	BTCUSDT	0.011970	29275.42	lP6nNl6QN1	BUY
00:44:11	BTCUSDT	0.011970	29272.42	lP6nN4CfU1	BUY
00:44:16	BTCUSDT	0.011970	29299.42	lP6nNEyn71	BUY
00:44:18	BTCUSDT	0.011970	29296.42	lP6nNTo3f1	BUY
00:44:19	BTCUSDT	0.011970	29293.42	lP6nNLW9y1	BUY
00:44:21	BTCUSDT	0.011970	29290.42	lP6nNQgFl1	BUY
00:44:22	BTCUSDT	0.011970	29287.42	lP6nN1Fqt1	BUY
00:44:24	BTCUSDT	0.011970	29284.42	lP6nNhMw41	BUY
00:44:25	BTCUSDT	0.011970	29281.42	lP6nNg2Uu1	BUY
00:44:27	BTCUSDT	0.011970	29278.42	lP6nNKgsq1	BUY
00:44:28	BTCUSDT	0.011970	29275.42	lP6nNl6QN1	BUY
00:44:30	BTCUSDT	0.011970	29272.42	lP6nN4CfU1	BUY
00:44:35	BTCUSDT	0.011970	29299.42	lP6nNEyn71	BUY
00:44:37	BTCUSDT	0.011970	29296.42	lP6nNTo3f1	BUY
00:44:38	BTCUSDT	0.011970	29293.42	lP6nNLW9y1	BUY
00:44:40	BTCUSDT	0.011970	29290.42	lP6nNQgFl1	BUY
00:44:41	BTCUSDT	0.011970	29287.42	lP6nN1Fqt1	BUY
00:44:43	BTCUSDT	0.011970	29284.42	lP6nNhMw41	BUY
00:44:44	BTCUSDT	0.011970	29281.42	lP6nNg2Uu1	BUY
00:44:46	BTCUSDT	0.011970	29278.42	lP6nNKgsq1	BUY
00:44:47	BTCUSDT	0.011970	29275.42	lP6nNl6QN1	BUY
00:44:49	BTCUSDT	0.011970	29272.42	lP6nN4CfU1	BUY
00:44:54	BTCUSDT	0.011970	29299.42	lP6nNEyn71	BUY
00:44:55	BTCUSDT	0.011970	29296.42	lP6nNTo3f1	BUY
00:44:57	BTCUSDT	0.011970	29293.42	lP6nNLW9y1	BUY
00:44:58	BTCUSDT	0.011970	29290.42	lP6nNQgFl1	BUY
00:45:00	BTCUSDT	0.011970	29287.42	lP6nN1Fqt1	BUY
00:45:01	BTCUSDT	0.011970	29284.42	lP6nNhMw41	BUY
00:45:03	BTCUSDT	0.011970	29281.42	lP6nNg2Uu1	BUY
00:45:04	BTCUSDT	0.011970	29278.42	lP6nNKgsq1	BUY
00:45:06	BTCUSDT	0.011970	29275.42	lP6nNl6QN1	BUY
00:45:07	BTCUSDT	0.011970	29272.42	lP6nN4CfU1	BUY
00:45:13	BTCUSDT	0.011970	29299.42	lP6nNEyn71	BUY
00:45:14	BTCUSDT	0.011970	29296.42	lP6nNTo3f1	BUY
00:45:16	BTCUSDT	0.011970	29293.42	lP6nNLW9y1	BUY
00:45:17	BTCUSDT	0.011970	29290.42	lP6nNQgFl1	BUY
00:45:19	BTCUSDT	0.011970	29287.42	lP6nN1Fqt1	BUY
00:45:20	BTCUSDT	0.011970	29284.42	lP6nNhMw41	BUY
00:45:22	BTCUSDT	0.011970	29281.42	lP6nNg2Uu1	BUY
00:45:23	BTCUSDT	0.011970	29278.42	lP6nNKgsq1	BUY
00:45:25	BTCUSDT	0.011970	29275.42	lP6nNl6QN1	BUY
00:45:26	BTCUSDT	0.011970	29272.42	lP6nN4CfU1	BUY
00:45:31	BTCUSDT	0.011970	29299.42	lP6nNEyn71	BUY
00:45:33	BTCUSDT	0.011970	29296.42	lP6nNTo3f1	BUY
00:45:34	BTCUSDT	0.011970	29293.42	lP6nNLW9y1	BUY
00:45:36	BTCUSDT	0.011970	29290.42	lP6nNQgFl1	BUY
00:45:38	BTCUSDT	0.011970	29287.42	lP6nN1Fqt1	BUY
00:45:39	BTCUSDT	0.011970	29284.42	lP6nNhMw41	BUY
00:45:41	BTCUSDT	0.011970	29281.42	lP6nNg2Uu1	BUY
00:45:42	BTCUSDT	0.011970	29278.42	lP6nNKgsq1	BUY
00:45:44	BTCUSDT	0.011970	29275.42	lP6nNl6QN1	BUY
00:45:45	BTCUSDT	0.011970	29272.42	lP6nN4CfU1	BUY
00:45:50	BTCUSDT	0.011970	29299.42	lP6nNEyn71	BUY
00:45:52	BTCUSDT	0.011970	29296.42	lP6nNTo3f1	BUY
00:45:53	BTCUSDT	0.011970	29293.42	lP6nNLW9y1	BUY
00:45:55	BTCUSDT	0.011970	29290.42	lP6nNQgFl1	BUY
00:45:57	BTCUSDT	0.011970	29287.42	lP6nN1Fqt1	BUY
00:45:58	BTCUSDT	0.011970	29284.42	lP6nNhMw41	BUY
00:46:00	BTCUSDT	0.011970	29281.42	lP6nNg2Uu1	BUY
00:46:01	BTCUSDT	0.011970	29278.42	lP6nNKgsq1	BUY
00:46:03	BTCUSDT	0.011970	29275.42	lP6nNl6QN1	BUY
00:46:04	BTCUSDT	0.011970	29272.42	lP6nN4CfU1	BUY
00:46:10	BTCUSDT	0.011970	29299.42	lP6nNEyn71	BUY
00:46:11	BTCUSDT	0.011970	29296.42	lP6nNTo3f1	BUY
00:46:13	BTCUSDT	0.011970	29293.42	lP6nNLW9y1	BUY
00:46:14	BTCUSDT	0.011970	29290.42	lP6nNQgFl1	BUY
00:46:16	BTCUSDT	0.011970	29287.42	lP6nN1Fqt1	BUY
00:46:17	BTCUSDT	0.011970	29284.42	lP6nNhMw41	BUY
00:46:19	BTCUSDT	0.011970	29281.42	lP6nNg2Uu1	BUY
00:46:20	BTCUSDT	0.011970	29278.42	lP6nNKgsq1	BUY
00:46:22	BTCUSDT	0.011970	29275.42	lP6nNl6QN1	BUY
00:46:23	BTCUSDT	0.011970	29272.42	lP6nN4CfU1	BUY
00:46:29	BTCUSDT	0.011970	29299.42	lP6nNEyn71	BUY
00:46:30	BTCUSDT	0.011970	29296.42	lP6nNTo3f1	BUY
00:46:32	BTCUSDT	0.011970	29293.42	lP6nNLW9y1	BUY
00:46:33	BTCUSDT	0.011970	29290.42	lP6nNQgFl1	BUY
00:46:35	BTCUSDT	0.011970	29287.42	lP6nN1Fqt1	BUY
00:46:36	BTCUSDT	0.011970	29284.42	lP6nNhMw41	BUY
00:46:38	BTCUSDT	0.011970	29281.42	lP6nNg2Uu1	BUY
00:46:39	BTCUSDT	0.011970	29278.42	lP6nNKgsq1	BUY
00:46:41	BTCUSDT	0.011970	29275.42	lP6nNl6QN1	BUY
00:46:42	BTCUSDT	0.011970	29272.42	lP6nN4CfU1	BUY
00:46:48	BTCUSDT	0.011970	29299.42	lP6nNEyn71	BUY
00:46:49	BTCUSDT	0.011970	29296.42	lP6nNTo3f1	BUY
00:46:51	BTCUSDT	0.011970	29293.42	lP6nNLW9y1	BUY
00:46:52	BTCUSDT	0.011970	29290.42	lP6nNQgFl1	BUY
00:46:54	BTCUSDT	0.011970	29287.42	lP6nN1Fqt1	BUY
00:46:55	BTCUSDT	0.011970	29284.42	lP6nNhMw41	BUY
00:46:57	BTCUSDT	0.011970	29281.42	lP6nNg2Uu1	BUY
00:46:58	BTCUSDT	0.011970	29278.42	lP6nNKgsq1	BUY
00:47:00	BTCUSDT	0.011970	29275.42	lP6nNl6QN1	BUY
00:47:01	BTCUSDT	0.011970	29272.42	lP6nN4CfU1	BUY
00:47:07	BTCUSDT	0.011970	29299.42	lP6nNEyn71	BUY
00:47:08	BTCUSDT	0.011970	29296.42	lP6nNTo3f1	BUY
00:47:10	BTCUSDT	0.011970	29293.42	lP6nNLW9y1	BUY
00:47:11	BTCUSDT	0.011970	29290.42	lP6nNQgFl1	BUY
00:47:13	BTCUSDT	0.011970	29287.42	lP6nN1Fqt1	BUY
00:47:14	BTCUSDT	0.011970	29284.42	lP6nNhMw41	BUY
00:47:16	BTCUSDT	0.011970	29281.42	lP6nNg2Uu1	BUY
00:47:18	BTCUSDT	0.011970	29278.42	lP6nNKgsq1	BUY
00:47:19	BTCUSDT	0.011970	29275.42	lP6nNl6QN1	BUY
00:47:21	BTCUSDT	0.011970	29272.42	lP6nN4CfU1	BUY
00:47:26	BTCUSDT	0.011970	29299.42	lP6nNEyn71	BUY
00:47:28	BTCUSDT	0.011970	29296.42	lP6nNTo3f1	BUY
00:47:29	BTCUSDT	0.011970	29293.42	lP6nNLW9y1	BUY
00:47:31	BTCUSDT	0.011970	29290.42	lP6nNQgFl1	BUY
00:47:32	BTCUSDT	0.011970	29287.42	lP6nN1Fqt1	BUY
00:47:34	BTCUSDT	0.011970	29284.42	lP6nNhMw41	BUY
00:47:35	BTCUSDT	0.011970	29281.42	lP6nNg2Uu1	BUY
00:47:37	BTCUSDT	0.011970	29278.42	lP6nNKgsq1	BUY
00:47:38	BTCUSDT	0.011970	29275.42	lP6nNl6QN1	BUY
00:47:40	BTCUSDT	0.011970	29272.42	lP6nN4CfU1	BUY
00:47:45	BTCUSDT	0.011970	29299.42	lP6nNEyn71	BUY
00:47:46	BTCUSDT	0.011970	29296.42	lP6nNTo3f1	BUY
00:47:48	BTCUSDT	0.011970	29293.42	lP6nNLW9y1	BUY
00:47:49	BTCUSDT	0.011970	29290.42	lP6nNQgFl1	BUY
00:47:51	BTCUSDT	0.011970	29287.42	lP6nN1Fqt1	BUY
00:47:52	BTCUSDT	0.011970	29284.42	lP6nNhMw41	BUY
00:47:54	BTCUSDT	0.011970	29281.42	lP6nNg2Uu1	BUY
00:47:55	BTCUSDT	0.011970	29278.42	lP6nNKgsq1	BUY
00:47:57	BTCUSDT	0.011970	29275.42	lP6nNl6QN1	BUY
00:47:58	BTCUSDT	0.011970	29272.42	lP6nN4CfU1	BUY
00:48:04	BTCUSDT	0.011970	29299.42	lP6nNEyn71	BUY
00:48:05	BTCUSDT	0.011970	29296.42	lP6nNTo3f1	BUY
00:48:07	BTCUSDT	0.011970	29293.42	lP6nNLW9y1	BUY
00:48:08	BTCUSDT	0.011970	29290.42	lP6nNQgFl1	BUY
00:48:10	BTCUSDT	0.011970	29287.42	lP6nN1Fqt1	BUY
00:48:11	BTCUSDT	0.011970	29284.42	lP6nNhMw41	BUY
00:48:13	BTCUSDT	0.011970	29281.42	lP6nNg2Uu1	BUY
00:48:14	BTCUSDT	0.011970	29278.42	lP6nNKgsq1	BUY
00:48:16	BTCUSDT	0.011970	29275.42	lP6nNl6QN1	BUY
00:48:17	BTCUSDT	0.011970	29272.42	lP6nN4CfU1	BUY
00:48:22	BTCUSDT	0.011970	29299.42	lP6nNEyn71	BUY
00:48:24	BTCUSDT	0.011970	29296.42	lP6nNTo3f1	BUY
00:48:25	BTCUSDT	0.011970	29293.42	lP6nNLW9y1	BUY
00:48:27	BTCUSDT	0.011970	29290.42	lP6nNQgFl1	BUY
00:48:28	BTCUSDT	0.011970	29287.42	lP6nN1Fqt1	BUY
00:48:30	BTCUSDT	0.011970	29284.42	lP6nNhMw41	BUY
00:48:31	BTCUSDT	0.011970	29281.42	lP6nNg2Uu1	BUY
00:48:33	BTCUSDT	0.011970	29278.42	lP6nNKgsq1	BUY
00:48:34	BTCUSDT	0.011970	29275.42	lP6nNl6QN1	BUY
00:48:36	BTCUSDT	0.011970	29272.42	lP6nN4CfU1	BUY
00:48:41	BTCUSDT	0.011970	29299.42	lP6nNEyn71	BUY
00:48:43	BTCUSDT	0.011970	29296.42	lP6nNTo3f1	BUY
00:48:44	BTCUSDT	0.011970	29293.42	lP6nNLW9y1	BUY
00:48:46	BTCUSDT	0.011970	29290.42	lP6nNQgFl1	BUY
00:48:47	BTCUSDT	0.011970	29287.42	lP6nN1Fqt1	BUY
00:48:49	BTCUSDT	0.011970	29284.42	lP6nNhMw41	BUY
00:48:50	BTCUSDT	0.011970	29281.42	lP6nNg2Uu1	BUY
00:48:52	BTCUSDT	0.011970	29278.42	lP6nNKgsq1	BUY
00:48:53	BTCUSDT	0.011970	29275.42	lP6nNl6QN1	BUY
00:48:55	BTCUSDT	0.011970	29272.42	lP6nN4CfU1	BUY
00:49:00	BTCUSDT	0.011970	29299.42	lP6nNEyn71	BUY
00:49:02	BTCUSDT	0.011970	29296.42	lP6nNTo3f1	BUY
00:49:03	BTCUSDT	0.011970	29293.42	lP6nNLW9y1	BUY
00:49:05	BTCUSDT	0.011970	29290.42	lP6nNQgFl1	BUY
00:49:06	BTCUSDT	0.011970	29287.42	lP6nN1Fqt1	BUY
00:49:08	BTCUSDT	0.011970	29284.42	lP6nNhMw41	BUY
00:49:09	BTCUSDT	0.011970	29281.42	lP6nNg2Uu1	BUY
00:49:11	BTCUSDT	0.011970	29278.42	lP6nNKgsq1	BUY
00:49:12	BTCUSDT	0.011970	29275.42	lP6nNl6QN1	BUY
00:49:14	BTCUSDT	0.011970	29272.42	lP6nN4CfU1	BUY
00:49:19	BTCUSDT	0.011970	29299.42	lP6nNEyn71	BUY
00:49:21	BTCUSDT	0.011970	29296.42	lP6nNTo3f1	BUY
00:49:22	BTCUSDT	0.011970	29293.42	lP6nNLW9y1	BUY
00:49:24	BTCUSDT	0.011970	29290.42	lP6nNQgFl1	BUY
00:49:25	BTCUSDT	0.011970	29287.42	lP6nN1Fqt1	BUY
00:49:27	BTCUSDT	0.011970	29284.42	lP6nNhMw41	BUY
00:49:28	BTCUSDT	0.011970	29281.42	lP6nNg2Uu1	BUY
00:49:30	BTCUSDT	0.011970	29278.42	lP6nNKgsq1	BUY
00:49:31	BTCUSDT	0.011970	29275.42	lP6nNl6QN1	BUY
00:49:33	BTCUSDT	0.011970	29272.42	lP6nN4CfU1	BUY
00:49:38	BTCUSDT	0.011970	29299.42	lP6nNEyn71	BUY
00:49:39	BTCUSDT	0.011970	29296.42	lP6nNTo3f1	BUY
00:49:41	BTCUSDT	0.011970	29293.42	lP6nNLW9y1	BUY
00:49:42	BTCUSDT	0.011970	29290.42	lP6nNQgFl1	BUY
00:49:44	BTCUSDT	0.011970	29287.42	lP6nN1Fqt1	BUY
00:49:45	BTCUSDT	0.011970	29284.42	lP6nNhMw41	BUY
00:49:47	BTCUSDT	0.011970	29281.42	lP6nNg2Uu1	BUY
00:49:48	BTCUSDT	0.011970	29278.42	lP6nNKgsq1	BUY
00:49:50	BTCUSDT	0.011970	29275.42	lP6nNl6QN1	BUY
00:49:51	BTCUSDT	0.011970	29272.42	lP6nN4CfU1	BUY
00:49:57	BTCUSDT	0.011970	29299.42	lP6nNEyn71	BUY
00:49:58	BTCUSDT	0.011970	29296.42	lP6nNTo3f1	BUY
00:50:00	BTCUSDT	0.011970	29293.42	lP6nNLW9y1	BUY
00:50:01	BTCUSDT	0.011970	29290.42	lP6nNQgFl1	BUY
00:50:03	BTCUSDT	0.011970	29287.42	lP6nN1Fqt1	BUY
00:50:04	BTCUSDT	0.011970	29284.42	lP6nNhMw41	BUY
00:50:06	BTCUSDT	0.011970	29281.42	lP6nNg2Uu1	BUY
00:50:07	BTCUSDT	0.011970	29278.42	lP6nNKgsq1	BUY
00:50:09	BTCUSDT	0.011970	29275.42	lP6nNl6QN1	BUY
00:50:10	BTCUSDT	0.011970	29272.42	lP6nN4CfU1	BUY
00:50:16	BTCUSDT	0.011970	29299.42	lP6nNEyn71	BUY
00:50:17	BTCUSDT	0.011970	29296.42	lP6nNTo3f1	BUY
00:50:19	BTCUSDT	0.011970	29293.42	lP6nNLW9y1	BUY
00:50:20	BTCUSDT	0.011970	29290.42	lP6nNQgFl1	BUY
00:50:22	BTCUSDT	0.011970	29287.42	lP6nN1Fqt1	BUY
00:50:23	BTCUSDT	0.011970	29284.42	lP6nNhMw41	BUY
00:50:25	BTCUSDT	0.011970	29281.42	lP6nNg2Uu1	BUY
00:50:26	BTCUSDT	0.011970	29278.42	lP6nNKgsq1	BUY
00:50:28	BTCUSDT	0.011970	29275.42	lP6nNl6QN1	BUY
00:50:29	BTCUSDT	0.011970	29272.42	lP6nN4CfU1	BUY
00:50:35	BTCUSDT	0.011970	29299.42	lP6nNEyn71	BUY
00:50:36	BTCUSDT	0.011970	29296.42	lP6nNTo3f1	BUY
00:50:38	BTCUSDT	0.011970	29293.42	lP6nNLW9y1	BUY
00:50:39	BTCUSDT	0.011970	29290.42	lP6nNQgFl1	BUY
00:50:41	BTCUSDT	0.011970	29287.42	lP6nN1Fqt1	BUY
00:50:42	BTCUSDT	0.011970	29284.42	lP6nNhMw41	BUY
00:50:44	BTCUSDT	0.011970	29281.42	lP6nNg2Uu1	BUY
00:50:45	BTCUSDT	0.011970	29278.42	lP6nNKgsq1	BUY
00:50:47	BTCUSDT	0.011970	29275.42	lP6nNl6QN1	BUY
00:50:48	BTCUSDT	0.011970	29272.42	lP6nN4CfU1	BUY
00:50:53	BTCUSDT	0.011970	29299.42	lP6nNEyn71	BUY
00:50:55	BTCUSDT	0.011970	29296.42	lP6nNTo3f1	BUY
00:50:56	BTCUSDT	0.011970	29293.42	lP6nNLW9y1	BUY
00:50:58	BTCUSDT	0.011970	29290.42	lP6nNQgFl1	BUY
00:50:59	BTCUSDT	0.011970	29287.42	lP6nN1Fqt1	BUY
00:51:01	BTCUSDT	0.011970	29284.42	lP6nNhMw41	BUY
00:51:02	BTCUSDT	0.011970	29281.42	lP6nNg2Uu1	BUY
00:51:04	BTCUSDT	0.011970	29278.42	lP6nNKgsq1	BUY
00:51:05	BTCUSDT	0.011970	29275.42	lP6nNl6QN1	BUY
00:51:07	BTCUSDT	0.011970	29272.42	lP6nN4CfU1	BUY
00:51:13	BTCUSDT	0.011970	29299.42	lP6nNEyn71	BUY
00:51:14	BTCUSDT	0.011970	29296.42	lP6nNTo3f1	BUY
00:51:16	BTCUSDT	0.011970	29293.42	lP6nNLW9y1	BUY
00:51:17	BTCUSDT	0.011970	29290.42	lP6nNQgFl1	BUY
00:51:19	BTCUSDT	0.011970	29287.42	lP6nN1Fqt1	BUY
00:51:20	BTCUSDT	0.011970	29284.42	lP6nNhMw41	BUY
00:51:22	BTCUSDT	0.011970	29281.42	lP6nNg2Uu1	BUY
00:51:23	BTCUSDT	0.011970	29278.42	lP6nNKgsq1	BUY
00:51:25	BTCUSDT	0.011970	29275.42	lP6nNl6QN1	BUY
00:51:26	BTCUSDT	0.011970	29272.42	lP6nN4CfU1	BUY
00:51:32	BTCUSDT	0.011970	29299.42	lP6nNEyn71	BUY
00:51:33	BTCUSDT	0.011970	29296.42	lP6nNTo3f1	BUY
00:51:35	BTCUSDT	0.011970	29293.42	lP6nNLW9y1	BUY
00:51:36	BTCUSDT	0.011970	29290.42	lP6nNQgFl1	BUY
00:51:38	BTCUSDT	0.011970	29287.42	lP6nN1Fqt1	BUY
00:51:39	BTCUSDT	0.011970	29284.42	lP6nNhMw41	BUY
00:51:41	BTCUSDT	0.011970	29281.42	lP6nNg2Uu1	BUY
00:51:42	BTCUSDT	0.011970	29278.42	lP6nNKgsq1	BUY
00:51:44	BTCUSDT	0.011970	29275.42	lP6nNl6QN1	BUY
00:51:45	BTCUSDT	0.011970	29272.42	lP6nN4CfU1	BUY
00:51:50	BTCUSDT	0.011970	29299.42	lP6nNEyn71	BUY
00:51:52	BTCUSDT	0.011970	29296.42	lP6nNTo3f1	BUY
00:51:53	BTCUSDT	0.011970	29293.42	lP6nNLW9y1	BUY
00:51:55	BTCUSDT	0.011970	29290.42	lP6nNQgFl1	BUY
00:51:56	BTCUSDT	0.011970	29287.42	lP6nN1Fqt1	BUY
00:51:58	BTCUSDT	0.011970	29284.42	lP6nNhMw41	BUY
00:51:59	BTCUSDT	0.011970	29281.42	lP6nNg2Uu1	BUY
00:52:01	BTCUSDT	0.011970	29278.42	lP6nNKgsq1	BUY
00:52:02	BTCUSDT	0.011970	29275.42	lP6nNl6QN1	BUY
00:52:04	BTCUSDT	0.011970	29272.42	lP6nN4CfU1	BUY
00:52:10	BTCUSDT	0.011970	29299.42	lP6nNEyn71	BUY
00:52:11	BTCUSDT	0.011970	29296.42	lP6nNTo3f1	BUY
00:52:13	BTCUSDT	0.011970	29293.42	lP6nNLW9y1	BUY
00:52:14	BTCUSDT	0.011970	29290.42	lP6nNQgFl1	BUY
00:52:16	BTCUSDT	0.011970	29287.42	lP6nN1Fqt1	BUY
00:52:17	BTCUSDT	0.011970	29284.42	lP6nNhMw41	BUY
00:52:19	BTCUSDT	0.011970	29281.42	lP6nNg2Uu1	BUY
00:52:20	BTCUSDT	0.011970	29278.42	lP6nNKgsq1	BUY
00:52:22	BTCUSDT	0.011970	29275.42	lP6nNl6QN1	BUY
00:52:23	BTCUSDT	0.011970	29272.42	lP6nN4CfU1	BUY
00:52:29	BTCUSDT	0.011970	29299.42	lP6nNEyn71	BUY
00:52:30	BTCUSDT	0.011970	29296.42	lP6nNTo3f1	BUY
00:52:32	BTCUSDT	0.011970	29293.42	lP6nNLW9y1	BUY
00:52:33	BTCUSDT	0.011970	29290.42	lP6nNQgFl1	BUY
00:52:35	BTCUSDT	0.011970	29287.42	lP6nN1Fqt1	BUY
00:52:36	BTCUSDT	0.011970	29284.42	lP6nNhMw41	BUY
00:52:38	BTCUSDT	0.011970	29281.42	lP6nNg2Uu1	BUY
00:52:39	BTCUSDT	0.011970	29278.42	lP6nNKgsq1	BUY
00:52:41	BTCUSDT	0.011970	29275.42	lP6nNl6QN1	BUY
00:52:42	BTCUSDT	0.011970	29272.42	lP6nN4CfU1	BUY
00:52:47	BTCUSDT	0.011970	29299.42	lP6nNEyn71	BUY
00:52:49	BTCUSDT	0.011970	29296.42	lP6nNTo3f1	BUY
00:52:50	BTCUSDT	0.011970	29293.42	lP6nNLW9y1	BUY
00:52:52	BTCUSDT	0.011970	29290.42	lP6nNQgFl1	BUY
00:52:53	BTCUSDT	0.011970	29287.42	lP6nN1Fqt1	BUY
00:52:55	BTCUSDT	0.011970	29284.42	lP6nNhMw41	BUY
00:52:56	BTCUSDT	0.011970	29281.42	lP6nNg2Uu1	BUY
00:52:58	BTCUSDT	0.011970	29278.42	lP6nNKgsq1	BUY
00:52:59	BTCUSDT	0.011970	29275.42	lP6nNl6QN1	BUY
00:53:01	BTCUSDT	0.011970	29272.42	lP6nN4CfU1	BUY
00:53:07	BTCUSDT	0.011970	29299.42	lP6nNEyn71	BUY
00:53:08	BTCUSDT	0.011970	29296.42	lP6nNTo3f1	BUY
00:53:10	BTCUSDT	0.011970	29293.42	lP6nNLW9y1	BUY
00:53:11	BTCUSDT	0.011970	29290.42	lP6nNQgFl1	BUY
00:53:13	BTCUSDT	0.011970	29287.42	lP6nN1Fqt1	BUY
00:53:14	BTCUSDT	0.011970	29284.42	lP6nNhMw41	BUY
00:53:16	BTCUSDT	0.011970	29281.42	lP6nNg2Uu1	BUY
00:53:17	BTCUSDT	0.011970	29278.42	lP6nNKgsq1	BUY
00:53:19	BTCUSDT	0.011970	29275.42	lP6nNl6QN1	BUY
00:53:20	BTCUSDT	0.011970	29272.42	lP6nN4CfU1	BUY
00:53:26	BTCUSDT	0.011970	29299.42	lP6nNEyn71	BUY
00:53:27	BTCUSDT	0.011970	29296.42	lP6nNTo3f1	BUY
00:53:29	BTCUSDT	0.011970	29293.42	lP6nNLW9y1	BUY
00:53:30	BTCUSDT	0.011970	29290.42	lP6nNQgFl1	BUY
00:53:32	BTCUSDT	0.011970	29287.42	lP6nN1Fqt1	BUY
00:53:33	BTCUSDT	0.011970	29284.42	lP6nNhMw41	BUY
00:53:35	BTCUSDT	0.011970	29281.42	lP6nNg2Uu1	BUY
00:53:36	BTCUSDT	0.011970	29278.42	lP6nNKgsq1	BUY
00:53:38	BTCUSDT	0.011970	29275.42	lP6nNl6QN1	BUY
00:53:39	BTCUSDT	0.011970	29272.42	lP6nN4CfU1	BUY
00:53:45	BTCUSDT	0.011970	29299.42	lP6nNEyn71	BUY
00:53:47	BTCUSDT	0.011970	29296.42	lP6nNTo3f1	BUY
00:53:48	BTCUSDT	0.011970	29293.42	lP6nNLW9y1	BUY
00:53:50	BTCUSDT	0.011970	29290.42	lP6nNQgFl1	BUY
00:53:51	BTCUSDT	0.011970	29287.42	lP6nN1Fqt1	BUY
00:53:53	BTCUSDT	0.011970	29284.42	lP6nNhMw41	BUY
00:53:54	BTCUSDT	0.011970	29281.42	lP6nNg2Uu1	BUY
00:53:56	BTCUSDT	0.011970	29278.42	lP6nNKgsq1	BUY
00:53:57	BTCUSDT	0.011970	29275.42	lP6nNl6QN1	BUY
00:53:59	BTCUSDT	0.011970	29272.42	lP6nN4CfU1	BUY
00:54:05	BTCUSDT	0.011970	29299.42	lP6nNEyn71	BUY
00:54:06	BTCUSDT	0.011970	29296.42	lP6nNTo3f1	BUY
00:54:08	BTCUSDT	0.011970	29293.42	lP6nNLW9y1	BUY
00:54:09	BTCUSDT	0.011970	29290.42	lP6nNQgFl1	BUY
00:54:11	BTCUSDT	0.011970	29287.42	lP6nN1Fqt1	BUY
00:54:12	BTCUSDT	0.011970	29284.42	lP6nNhMw41	BUY
00:54:14	BTCUSDT	0.011970	29281.42	lP6nNg2Uu1	BUY
00:54:15	BTCUSDT	0.011970	29278.42	lP6nNKgsq1	BUY
00:54:17	BTCUSDT	0.011970	29275.42	lP6nNl6QN1	BUY
00:54:18	BTCUSDT	0.011970	29272.42	lP6nN4CfU1	BUY
00:54:24	BTCUSDT	0.011970	29299.42	lP6nNEyn71	BUY
00:54:25	BTCUSDT	0.011970	29296.42	lP6nNTo3f1	BUY
00:54:27	BTCUSDT	0.011970	29293.42	lP6nNLW9y1	BUY
00:54:28	BTCUSDT	0.011970	29290.42	lP6nNQgFl1	BUY
00:54:30	BTCUSDT	0.011970	29287.42	lP6nN1Fqt1	BUY
00:54:31	BTCUSDT	0.011970	29284.42	lP6nNhMw41	BUY
00:54:33	BTCUSDT	0.011970	29281.42	lP6nNg2Uu1	BUY
00:54:34	BTCUSDT	0.011970	29278.42	lP6nNKgsq1	BUY
00:54:36	BTCUSDT	0.011970	29275.42	lP6nNl6QN1	BUY
00:54:38	BTCUSDT	0.011970	29272.42	lP6nN4CfU1	BUY
00:54:43	BTCUSDT	0.011970	29299.42	lP6nNEyn71	BUY
00:54:44	BTCUSDT	0.011970	29296.42	lP6nNTo3f1	BUY
00:54:46	BTCUSDT	0.011970	29293.42	lP6nNLW9y1	BUY
00:54:47	BTCUSDT	0.011970	29290.42	lP6nNQgFl1	BUY
00:54:49	BTCUSDT	0.011970	29287.42	lP6nN1Fqt1	BUY
00:54:50	BTCUSDT	0.011970	29284.42	lP6nNhMw41	BUY
00:54:52	BTCUSDT	0.011970	29281.42	lP6nNg2Uu1	BUY
00:54:53	BTCUSDT	0.011970	29278.42	lP6nNKgsq1	BUY
00:54:55	BTCUSDT	0.011970	29275.42	lP6nNl6QN1	BUY
00:54:56	BTCUSDT	0.011970	29272.42	lP6nN4CfU1	BUY
00:55:02	BTCUSDT	0.011970	29299.42	lP6nNEyn71	BUY
00:55:03	BTCUSDT	0.011970	29296.42	lP6nNTo3f1	BUY
00:55:05	BTCUSDT	0.011970	29293.42	lP6nNLW9y1	BUY
00:55:06	BTCUSDT	0.011970	29290.42	lP6nNQgFl1	BUY
00:55:08	BTCUSDT	0.011970	29287.42	lP6nN1Fqt1	BUY
00:55:09	BTCUSDT	0.011970	29284.42	lP6nNhMw41	BUY
00:55:11	BTCUSDT	0.011970	29281.42	lP6nNg2Uu1	BUY
00:55:12	BTCUSDT	0.011970	29278.42	lP6nNKgsq1	BUY
00:55:14	BTCUSDT	0.011970	29275.42	lP6nNl6QN1	BUY
00:55:15	BTCUSDT	0.011970	29272.42	lP6nN4CfU1	BUY
00:55:20	BTCUSDT	0.011970	29299.42	lP6nNEyn71	BUY
00:55:22	BTCUSDT	0.011970	29296.42	lP6nNTo3f1	BUY
00:55:23	BTCUSDT	0.011970	29293.42	lP6nNLW9y1	BUY
00:55:25	BTCUSDT	0.011970	29290.42	lP6nNQgFl1	BUY
00:55:26	BTCUSDT	0.011970	29287.42	lP6nN1Fqt1	BUY
00:55:28	BTCUSDT	0.011970	29284.42	lP6nNhMw41	BUY
00:55:29	BTCUSDT	0.011970	29281.42	lP6nNg2Uu1	BUY
00:55:31	BTCUSDT	0.011970	29278.42	lP6nNKgsq1	BUY
00:55:32	BTCUSDT	0.011970	29275.42	lP6nNl6QN1	BUY
00:55:34	BTCUSDT	0.011970	29272.42	lP6nN4CfU1	BUY
00:55:39	BTCUSDT	0.011970	29299.42	lP6nNEyn71	BUY
00:55:41	BTCUSDT	0.011970	29296.42	lP6nNTo3f1	BUY
00:55:42	BTCUSDT	0.011970	29293.42	lP6nNLW9y1	BUY
00:55:44	BTCUSDT	0.011970	29290.42	lP6nNQgFl1	BUY
00:55:45	BTCUSDT	0.011970	29287.42	lP6nN1Fqt1	BUY
00:55:47	BTCUSDT	0.011970	29284.42	lP6nNhMw41	BUY
00:55:48	BTCUSDT	0.011970	29281.42	lP6nNg2Uu1	BUY
00:55:50	BTCUSDT	0.011970	29278.42	lP6nNKgsq1	BUY
00:55:51	BTCUSDT	0.011970	29275.42	lP6nNl6QN1	BUY
00:55:53	BTCUSDT	0.011970	29272.42	lP6nN4CfU1	BUY
00:55:58	BTCUSDT	0.011970	29299.42	lP6nNEyn71	BUY
00:55:59	BTCUSDT	0.011970	29296.42	lP6nNTo3f1	BUY
00:56:01	BTCUSDT	0.011970	29293.42	lP6nNLW9y1	BUY
00:56:03	BTCUSDT	0.011970	29290.42	lP6nNQgFl1	BUY
00:56:04	BTCUSDT	0.011970	29287.42	lP6nN1Fqt1	BUY
00:56:06	BTCUSDT	0.011970	29284.42	lP6nNhMw41	BUY
00:56:07	BTCUSDT	0.011970	29281.42	lP6nNg2Uu1	BUY
00:56:09	BTCUSDT	0.011970	29278.42	lP6nNKgsq1	BUY
00:56:10	BTCUSDT	0.011970	29275.42	lP6nNl6QN1	BUY
00:56:12	BTCUSDT	0.011970	29272.42	lP6nN4CfU1	BUY
00:56:17	BTCUSDT	0.011970	29299.42	lP6nNEyn71	BUY
00:56:18	BTCUSDT	0.011970	29296.42	lP6nNTo3f1	BUY
00:56:20	BTCUSDT	0.011970	29293.42	lP6nNLW9y1	BUY
00:56:21	BTCUSDT	0.011970	29290.42	lP6nNQgFl1	BUY
00:56:23	BTCUSDT	0.011970	29287.42	lP6nN1Fqt1	BUY
00:56:24	BTCUSDT	0.011970	29284.42	lP6nNhMw41	BUY
00:56:26	BTCUSDT	0.011970	29281.42	lP6nNg2Uu1	BUY
00:56:27	BTCUSDT	0.011970	29278.42	lP6nNKgsq1	BUY
00:56:29	BTCUSDT	0.011970	29275.42	lP6nNl6QN1	BUY
00:56:30	BTCUSDT	0.011970	29272.42	lP6nN4CfU1	BUY
00:56:36	BTCUSDT	0.011970	29299.42	lP6nNEyn71	BUY
00:56:37	BTCUSDT	0.011970	29296.42	lP6nNTo3f1	BUY
00:56:39	BTCUSDT	0.011970	29293.42	lP6nNLW9y1	BUY
00:56:40	BTCUSDT	0.011970	29290.42	lP6nNQgFl1	BUY
00:56:42	BTCUSDT	0.011970	29287.42	lP6nN1Fqt1	BUY
00:56:43	BTCUSDT	0.011970	29284.42	lP6nNhMw41	BUY
00:56:45	BTCUSDT	0.011970	29281.42	lP6nNg2Uu1	BUY
00:56:46	BTCUSDT	0.011970	29278.42	lP6nNKgsq1	BUY
00:56:48	BTCUSDT	0.011970	29275.42	lP6nNl6QN1	BUY
00:56:49	BTCUSDT	0.011970	29272.42	lP6nN4CfU1	BUY
00:56:55	BTCUSDT	0.011970	29299.42	lP6nNEyn71	BUY
00:56:56	BTCUSDT	0.011970	29296.42	lP6nNTo3f1	BUY
00:56:58	BTCUSDT	0.011970	29293.42	lP6nNLW9y1	BUY
00:56:59	BTCUSDT	0.011970	29290.42	lP6nNQgFl1	BUY
00:57:01	BTCUSDT	0.011970	29287.42	lP6nN1Fqt1	BUY
00:57:02	BTCUSDT	0.011970	29284.42	lP6nNhMw41	BUY
00:57:04	BTCUSDT	0.011970	29281.42	lP6nNg2Uu1	BUY
00:57:05	BTCUSDT	0.011970	29278.42	lP6nNKgsq1	BUY
00:57:07	BTCUSDT	0.011970	29275.42	lP6nNl6QN1	BUY
00:57:08	BTCUSDT	0.011970	29272.42	lP6nN4CfU1	BUY
00:57:14	BTCUSDT	0.011970	29299.42	lP6nNEyn71	BUY
00:57:15	BTCUSDT	0.011970	29296.42	lP6nNTo3f1	BUY
00:57:17	BTCUSDT	0.011970	29293.42	lP6nNLW9y1	BUY
00:57:18	BTCUSDT	0.011970	29290.42	lP6nNQgFl1	BUY
00:57:20	BTCUSDT	0.011970	29287.42	lP6nN1Fqt1	BUY
00:57:21	BTCUSDT	0.011970	29284.42	lP6nNhMw41	BUY
00:57:23	BTCUSDT	0.011970	29281.42	lP6nNg2Uu1	BUY
00:57:24	BTCUSDT	0.011970	29278.42	lP6nNKgsq1	BUY
00:57:26	BTCUSDT	0.011970	29275.42	lP6nNl6QN1	BUY
00:57:27	BTCUSDT	0.011970	29272.42	lP6nN4CfU1	BUY
00:57:32	BTCUSDT	0.011970	29299.42	lP6nNEyn71	BUY
00:57:34	BTCUSDT	0.011970	29296.42	lP6nNTo3f1	BUY
00:57:35	BTCUSDT	0.011970	29293.42	lP6nNLW9y1	BUY
00:57:37	BTCUSDT	0.011970	29290.42	lP6nNQgFl1	BUY
00:57:38	BTCUSDT	0.011970	29287.42	lP6nN1Fqt1	BUY
00:57:40	BTCUSDT	0.011970	29284.42	lP6nNhMw41	BUY
00:57:41	BTCUSDT	0.011970	29281.42	lP6nNg2Uu1	BUY
00:57:43	BTCUSDT	0.011970	29278.42	lP6nNKgsq1	BUY
00:57:44	BTCUSDT	0.011970	29275.42	lP6nNl6QN1	BUY
00:57:46	BTCUSDT	0.011970	29272.42	lP6nN4CfU1	BUY
00:57:52	BTCUSDT	0.011970	29299.42	lP6nNEyn71	BUY
00:57:53	BTCUSDT	0.011970	29296.42	lP6nNTo3f1	BUY
00:57:55	BTCUSDT	0.011970	29293.42	lP6nNLW9y1	BUY
00:57:56	BTCUSDT	0.011970	29290.42	lP6nNQgFl1	BUY
00:57:58	BTCUSDT	0.011970	29287.42	lP6nN1Fqt1	BUY
00:57:59	BTCUSDT	0.011970	29284.42	lP6nNhMw41	BUY
00:58:01	BTCUSDT	0.011970	29281.42	lP6nNg2Uu1	BUY
00:58:02	BTCUSDT	0.011970	29278.42	lP6nNKgsq1	BUY
00:58:04	BTCUSDT	0.011970	29275.42	lP6nNl6QN1	BUY
00:58:05	BTCUSDT	0.011970	29272.42	lP6nN4CfU1	BUY
00:58:14	BTCUSDT	0.011970	29252.21	lL97tnwCu1	BUY
00:59:00	BTCUSDT	0.011970	29252.21	lL97tnwCu1	BUY
00:59:02	BTCUSDT	0.011970	29249.21	lL97tOTUd1	BUY
00:59:03	BTCUSDT	0.011970	29246.21	lL97tfagi1	BUY
00:59:05	BTCUSDT	0.011970	29243.21	lL97tqRv71	BUY
00:59:06	BTCUSDT	0.011970	29240.21	lL97t06Mf1	BUY
00:59:08	BTCUSDT	0.011970	29237.21	lL97t4pwp1	BUY
00:59:10	BTCUSDT	0.011970	29234.21	lL97tr8Bq1	BUY
00:59:11	BTCUSDT	0.011970	29231.21	lL97tHqq71	BUY
00:59:13	BTCUSDT	0.011970	29228.21	lL97tr5tA1	BUY
00:59:14	BTCUSDT	0.011970	29225.21	lL97t7Jl61	BUY
00:59:19	BTCUSDT	0.011970	29252.21	lL97tnwCu1	BUY
00:59:21	BTCUSDT	0.011970	29249.21	lL97tOTUd1	BUY
00:59:22	BTCUSDT	0.011970	29246.21	lL97tfagi1	BUY
00:59:24	BTCUSDT	0.011970	29243.21	lL97tqRv71	BUY
00:59:26	BTCUSDT	0.011970	29240.21	lL97t06Mf1	BUY
00:59:27	BTCUSDT	0.011970	29237.21	lL97t4pwp1	BUY
00:59:29	BTCUSDT	0.011970	29234.21	lL97tr8Bq1	BUY
00:59:30	BTCUSDT	0.011970	29231.21	lL97tHqq71	BUY
00:59:32	BTCUSDT	0.011970	29228.21	lL97tr5tA1	BUY
00:59:33	BTCUSDT	0.011970	29225.21	lL97t7Jl61	BUY
00:59:39	BTCUSDT	0.011970	29252.21	lL97tnwCu1	BUY
00:59:40	BTCUSDT	0.011970	29249.21	lL97tOTUd1	BUY
00:59:42	BTCUSDT	0.011970	29246.21	lL97tfagi1	BUY
00:59:43	BTCUSDT	0.011970	29243.21	lL97tqRv71	BUY
00:59:45	BTCUSDT	0.011970	29240.21	lL97t06Mf1	BUY
00:59:46	BTCUSDT	0.011970	29237.21	lL97t4pwp1	BUY
00:59:48	BTCUSDT	0.011970	29234.21	lL97tr8Bq1	BUY
00:59:49	BTCUSDT	0.011970	29231.21	lL97tHqq71	BUY
00:59:51	BTCUSDT	0.011970	29228.21	lL97tr5tA1	BUY
00:59:52	BTCUSDT	0.011970	29225.21	lL97t7Jl61	BUY
00:59:57	BTCUSDT	0.011970	29252.21	lL97tnwCu1	BUY
00:59:59	BTCUSDT	0.011970	29249.21	lL97tOTUd1	BUY
01:00:00	BTCUSDT	0.011970	29246.21	lL97tfagi1	BUY
01:00:02	BTCUSDT	0.011970	29243.21	lL97tqRv71	BUY
01:00:03	BTCUSDT	0.011970	29240.21	lL97t06Mf1	BUY
01:00:05	BTCUSDT	0.011970	29237.21	lL97t4pwp1	BUY
01:00:06	BTCUSDT	0.011970	29234.21	lL97tr8Bq1	BUY
01:00:08	BTCUSDT	0.011970	29231.21	lL97tHqq71	BUY
01:00:09	BTCUSDT	0.011970	29228.21	lL97tr5tA1	BUY
01:00:11	BTCUSDT	0.011970	29225.21	lL97t7Jl61	BUY
01:00:17	BTCUSDT	0.011970	29252.21	lL97tnwCu1	BUY
01:00:19	BTCUSDT	0.011970	29249.21	lL97tOTUd1	BUY
01:00:20	BTCUSDT	0.011970	29246.21	lL97tfagi1	BUY
01:00:22	BTCUSDT	0.011970	29243.21	lL97tqRv71	BUY
01:00:23	BTCUSDT	0.011970	29240.21	lL97t06Mf1	BUY
01:00:25	BTCUSDT	0.011970	29237.21	lL97t4pwp1	BUY
01:00:26	BTCUSDT	0.011970	29234.21	lL97tr8Bq1	BUY
01:00:28	BTCUSDT	0.011970	29231.21	lL97tHqq71	BUY
01:00:29	BTCUSDT	0.011970	29228.21	lL97tr5tA1	BUY
01:00:31	BTCUSDT	0.011970	29225.21	lL97t7Jl61	BUY
01:00:36	BTCUSDT	0.011970	29252.21	lL97tnwCu1	BUY
01:00:38	BTCUSDT	0.011970	29249.21	lL97tOTUd1	BUY
01:00:39	BTCUSDT	0.011970	29246.21	lL97tfagi1	BUY
01:00:41	BTCUSDT	0.011970	29243.21	lL97tqRv71	BUY
01:00:42	BTCUSDT	0.011970	29240.21	lL97t06Mf1	BUY
01:00:44	BTCUSDT	0.011970	29237.21	lL97t4pwp1	BUY
01:00:45	BTCUSDT	0.011970	29234.21	lL97tr8Bq1	BUY
01:00:47	BTCUSDT	0.011970	29231.21	lL97tHqq71	BUY
01:00:48	BTCUSDT	0.011970	29228.21	lL97tr5tA1	BUY
01:00:50	BTCUSDT	0.011970	29225.21	lL97t7Jl61	BUY
01:00:55	BTCUSDT	0.011970	29252.21	lL97tnwCu1	BUY
01:00:56	BTCUSDT	0.011970	29249.21	lL97tOTUd1	BUY
01:00:58	BTCUSDT	0.011970	29246.21	lL97tfagi1	BUY
01:00:59	BTCUSDT	0.011970	29243.21	lL97tqRv71	BUY
01:01:01	BTCUSDT	0.011970	29240.21	lL97t06Mf1	BUY
01:01:02	BTCUSDT	0.011970	29237.21	lL97t4pwp1	BUY
01:01:04	BTCUSDT	0.011970	29234.21	lL97tr8Bq1	BUY
01:01:05	BTCUSDT	0.011970	29231.21	lL97tHqq71	BUY
01:01:07	BTCUSDT	0.011970	29228.21	lL97tr5tA1	BUY
01:01:08	BTCUSDT	0.011970	29225.21	lL97t7Jl61	BUY
01:01:14	BTCUSDT	0.011970	29252.21	lL97tnwCu1	BUY
01:01:15	BTCUSDT	0.011970	29249.21	lL97tOTUd1	BUY
01:01:17	BTCUSDT	0.011970	29246.21	lL97tfagi1	BUY
01:01:18	BTCUSDT	0.011970	29243.21	lL97tqRv71	BUY
01:01:20	BTCUSDT	0.011970	29240.21	lL97t06Mf1	BUY
01:01:21	BTCUSDT	0.011970	29237.21	lL97t4pwp1	BUY
01:01:23	BTCUSDT	0.011970	29234.21	lL97tr8Bq1	BUY
01:01:24	BTCUSDT	0.011970	29231.21	lL97tHqq71	BUY
01:01:26	BTCUSDT	0.011970	29228.21	lL97tr5tA1	BUY
01:01:27	BTCUSDT	0.011970	29225.21	lL97t7Jl61	BUY
01:01:33	BTCUSDT	0.011970	29252.21	lL97tnwCu1	BUY
01:01:34	BTCUSDT	0.011970	29249.21	lL97tOTUd1	BUY
01:01:36	BTCUSDT	0.011970	29246.21	lL97tfagi1	BUY
01:01:37	BTCUSDT	0.011970	29243.21	lL97tqRv71	BUY
01:01:39	BTCUSDT	0.011970	29240.21	lL97t06Mf1	BUY
01:01:40	BTCUSDT	0.011970	29237.21	lL97t4pwp1	BUY
01:01:42	BTCUSDT	0.011970	29234.21	lL97tr8Bq1	BUY
01:01:43	BTCUSDT	0.011970	29231.21	lL97tHqq71	BUY
01:01:45	BTCUSDT	0.011970	29228.21	lL97tr5tA1	BUY
01:01:46	BTCUSDT	0.011970	29225.21	lL97t7Jl61	BUY
01:01:52	BTCUSDT	0.011970	29252.21	lL97tnwCu1	BUY
01:01:53	BTCUSDT	0.011970	29249.21	lL97tOTUd1	BUY
01:01:55	BTCUSDT	0.011970	29246.21	lL97tfagi1	BUY
01:01:56	BTCUSDT	0.011970	29243.21	lL97tqRv71	BUY
01:01:58	BTCUSDT	0.011970	29240.21	lL97t06Mf1	BUY
01:01:59	BTCUSDT	0.011970	29237.21	lL97t4pwp1	BUY
01:02:01	BTCUSDT	0.011970	29234.21	lL97tr8Bq1	BUY
01:02:03	BTCUSDT	0.011970	29231.21	lL97tHqq71	BUY
01:02:04	BTCUSDT	0.011970	29228.21	lL97tr5tA1	BUY
01:02:06	BTCUSDT	0.011970	29225.21	lL97t7Jl61	BUY
01:02:11	BTCUSDT	0.011970	29252.21	lL97tnwCu1	BUY
01:02:13	BTCUSDT	0.011970	29249.21	lL97tOTUd1	BUY
01:02:14	BTCUSDT	0.011970	29246.21	lL97tfagi1	BUY
01:02:16	BTCUSDT	0.011970	29243.21	lL97tqRv71	BUY
01:02:17	BTCUSDT	0.011970	29240.21	lL97t06Mf1	BUY
01:02:19	BTCUSDT	0.011970	29237.21	lL97t4pwp1	BUY
01:02:20	BTCUSDT	0.011970	29234.21	lL97tr8Bq1	BUY
01:02:22	BTCUSDT	0.011970	29231.21	lL97tHqq71	BUY
01:02:23	BTCUSDT	0.011970	29228.21	lL97tr5tA1	BUY
01:02:25	BTCUSDT	0.011970	29225.21	lL97t7Jl61	BUY
01:02:30	BTCUSDT	0.011970	29252.21	lL97tnwCu1	BUY
01:02:32	BTCUSDT	0.011970	29249.21	lL97tOTUd1	BUY
01:02:33	BTCUSDT	0.011970	29246.21	lL97tfagi1	BUY
01:02:35	BTCUSDT	0.011970	29243.21	lL97tqRv71	BUY
01:02:36	BTCUSDT	0.011970	29240.21	lL97t06Mf1	BUY
01:02:38	BTCUSDT	0.011970	29237.21	lL97t4pwp1	BUY
01:02:39	BTCUSDT	0.011970	29234.21	lL97tr8Bq1	BUY
01:02:41	BTCUSDT	0.011970	29231.21	lL97tHqq71	BUY
01:02:42	BTCUSDT	0.011970	29228.21	lL97tr5tA1	BUY
01:02:44	BTCUSDT	0.011970	29225.21	lL97t7Jl61	BUY
01:02:49	BTCUSDT	0.011970	29252.21	lL97tnwCu1	BUY
01:02:51	BTCUSDT	0.011970	29249.21	lL97tOTUd1	BUY
01:02:52	BTCUSDT	0.011970	29246.21	lL97tfagi1	BUY
01:02:54	BTCUSDT	0.011970	29243.21	lL97tqRv71	BUY
01:02:55	BTCUSDT	0.011970	29240.21	lL97t06Mf1	BUY
01:02:57	BTCUSDT	0.011970	29237.21	lL97t4pwp1	BUY
01:02:58	BTCUSDT	0.011970	29234.21	lL97tr8Bq1	BUY
01:03:00	BTCUSDT	0.011970	29231.21	lL97tHqq71	BUY
01:03:01	BTCUSDT	0.011970	29228.21	lL97tr5tA1	BUY
01:03:03	BTCUSDT	0.011970	29225.21	lL97t7Jl61	BUY
01:03:09	BTCUSDT	0.011970	29252.21	lL97tnwCu1	BUY
01:03:10	BTCUSDT	0.011970	29249.21	lL97tOTUd1	BUY
01:03:12	BTCUSDT	0.011970	29246.21	lL97tfagi1	BUY
01:03:13	BTCUSDT	0.011970	29243.21	lL97tqRv71	BUY
01:03:15	BTCUSDT	0.011970	29240.21	lL97t06Mf1	BUY
01:03:16	BTCUSDT	0.011970	29237.21	lL97t4pwp1	BUY
01:03:18	BTCUSDT	0.011970	29234.21	lL97tr8Bq1	BUY
01:03:19	BTCUSDT	0.011970	29231.21	lL97tHqq71	BUY
01:03:21	BTCUSDT	0.011970	29228.21	lL97tr5tA1	BUY
01:03:22	BTCUSDT	0.011970	29225.21	lL97t7Jl61	BUY
01:03:28	BTCUSDT	0.011970	29252.21	lL97tnwCu1	BUY
01:03:29	BTCUSDT	0.011970	29249.21	lL97tOTUd1	BUY
01:03:31	BTCUSDT	0.011970	29246.21	lL97tfagi1	BUY
01:03:32	BTCUSDT	0.011970	29243.21	lL97tqRv71	BUY
01:03:34	BTCUSDT	0.011970	29240.21	lL97t06Mf1	BUY
01:03:35	BTCUSDT	0.011970	29237.21	lL97t4pwp1	BUY
01:03:37	BTCUSDT	0.011970	29234.21	lL97tr8Bq1	BUY
01:03:38	BTCUSDT	0.011970	29231.21	lL97tHqq71	BUY
01:03:40	BTCUSDT	0.011970	29228.21	lL97tr5tA1	BUY
01:03:41	BTCUSDT	0.011970	29225.21	lL97t7Jl61	BUY
01:03:47	BTCUSDT	0.011970	29252.21	lL97tnwCu1	BUY
01:03:49	BTCUSDT	0.011970	29249.21	lL97tOTUd1	BUY
01:03:50	BTCUSDT	0.011970	29246.21	lL97tfagi1	BUY
01:03:52	BTCUSDT	0.011970	29243.21	lL97tqRv71	BUY
01:03:53	BTCUSDT	0.011970	29240.21	lL97t06Mf1	BUY
01:03:55	BTCUSDT	0.011970	29237.21	lL97t4pwp1	BUY
01:03:56	BTCUSDT	0.011970	29234.21	lL97tr8Bq1	BUY
01:03:58	BTCUSDT	0.011970	29231.21	lL97tHqq71	BUY
01:03:59	BTCUSDT	0.011970	29228.21	lL97tr5tA1	BUY
01:04:01	BTCUSDT	0.011970	29225.21	lL97t7Jl61	BUY
01:04:06	BTCUSDT	0.011970	29252.21	lL97tnwCu1	BUY
01:04:08	BTCUSDT	0.011970	29249.21	lL97tOTUd1	BUY
01:04:09	BTCUSDT	0.011970	29246.21	lL97tfagi1	BUY
01:04:11	BTCUSDT	0.011970	29243.21	lL97tqRv71	BUY
01:04:12	BTCUSDT	0.011970	29240.21	lL97t06Mf1	BUY
01:04:14	BTCUSDT	0.011970	29237.21	lL97t4pwp1	BUY
01:04:15	BTCUSDT	0.011970	29234.21	lL97tr8Bq1	BUY
01:04:17	BTCUSDT	0.011970	29231.21	lL97tHqq71	BUY
01:04:18	BTCUSDT	0.011970	29228.21	lL97tr5tA1	BUY
01:04:20	BTCUSDT	0.011970	29225.21	lL97t7Jl61	BUY
01:04:25	BTCUSDT	0.011970	29252.21	lL97tnwCu1	BUY
01:04:27	BTCUSDT	0.011970	29249.21	lL97tOTUd1	BUY
01:04:28	BTCUSDT	0.011970	29246.21	lL97tfagi1	BUY
01:04:30	BTCUSDT	0.011970	29243.21	lL97tqRv71	BUY
01:04:31	BTCUSDT	0.011970	29240.21	lL97t06Mf1	BUY
01:04:33	BTCUSDT	0.011970	29237.21	lL97t4pwp1	BUY
01:04:34	BTCUSDT	0.011970	29234.21	lL97tr8Bq1	BUY
01:04:36	BTCUSDT	0.011970	29231.21	lL97tHqq71	BUY
01:04:37	BTCUSDT	0.011970	29228.21	lL97tr5tA1	BUY
01:04:39	BTCUSDT	0.011970	29225.21	lL97t7Jl61	BUY
01:04:44	BTCUSDT	0.011970	29252.21	lL97tnwCu1	BUY
01:04:45	BTCUSDT	0.011970	29249.21	lL97tOTUd1	BUY
01:04:47	BTCUSDT	0.011970	29246.21	lL97tfagi1	BUY
01:04:49	BTCUSDT	0.011970	29243.21	lL97tqRv71	BUY
01:04:50	BTCUSDT	0.011970	29240.21	lL97t06Mf1	BUY
01:04:52	BTCUSDT	0.011970	29237.21	lL97t4pwp1	BUY
01:04:53	BTCUSDT	0.011970	29234.21	lL97tr8Bq1	BUY
01:04:55	BTCUSDT	0.011970	29231.21	lL97tHqq71	BUY
01:04:56	BTCUSDT	0.011970	29228.21	lL97tr5tA1	BUY
01:04:58	BTCUSDT	0.011970	29225.21	lL97t7Jl61	BUY
01:05:03	BTCUSDT	0.011970	29252.21	lL97tnwCu1	BUY
01:05:05	BTCUSDT	0.011970	29249.21	lL97tOTUd1	BUY
01:05:06	BTCUSDT	0.011970	29246.21	lL97tfagi1	BUY
01:05:08	BTCUSDT	0.011970	29243.21	lL97tqRv71	BUY
01:05:09	BTCUSDT	0.011970	29240.21	lL97t06Mf1	BUY
01:05:11	BTCUSDT	0.011970	29237.21	lL97t4pwp1	BUY
01:05:12	BTCUSDT	0.011970	29234.21	lL97tr8Bq1	BUY
01:05:14	BTCUSDT	0.011970	29231.21	lL97tHqq71	BUY
01:05:15	BTCUSDT	0.011970	29228.21	lL97tr5tA1	BUY
01:05:17	BTCUSDT	0.011970	29225.21	lL97t7Jl61	BUY
01:05:22	BTCUSDT	0.011970	29252.21	lL97tnwCu1	BUY
01:05:24	BTCUSDT	0.011970	29249.21	lL97tOTUd1	BUY
01:05:25	BTCUSDT	0.011970	29246.21	lL97tfagi1	BUY
01:05:27	BTCUSDT	0.011970	29243.21	lL97tqRv71	BUY
01:05:28	BTCUSDT	0.011970	29240.21	lL97t06Mf1	BUY
01:05:30	BTCUSDT	0.011970	29237.21	lL97t4pwp1	BUY
01:05:31	BTCUSDT	0.011970	29234.21	lL97tr8Bq1	BUY
01:05:33	BTCUSDT	0.011970	29231.21	lL97tHqq71	BUY
01:05:34	BTCUSDT	0.011970	29228.21	lL97tr5tA1	BUY
01:05:36	BTCUSDT	0.011970	29225.21	lL97t7Jl61	BUY
01:05:41	BTCUSDT	0.011970	29252.21	lL97tnwCu1	BUY
01:05:43	BTCUSDT	0.011970	29249.21	lL97tOTUd1	BUY
01:05:44	BTCUSDT	0.011970	29246.21	lL97tfagi1	BUY
01:05:46	BTCUSDT	0.011970	29243.21	lL97tqRv71	BUY
01:05:47	BTCUSDT	0.011970	29240.21	lL97t06Mf1	BUY
01:05:49	BTCUSDT	0.011970	29237.21	lL97t4pwp1	BUY
01:05:50	BTCUSDT	0.011970	29234.21	lL97tr8Bq1	BUY
01:05:52	BTCUSDT	0.011970	29231.21	lL97tHqq71	BUY
01:05:53	BTCUSDT	0.011970	29228.21	lL97tr5tA1	BUY
01:05:55	BTCUSDT	0.011970	29225.21	lL97t7Jl61	BUY
01:06:00	BTCUSDT	0.011970	29252.21	lL97tnwCu1	BUY
01:06:02	BTCUSDT	0.011970	29249.21	lL97tOTUd1	BUY
01:06:03	BTCUSDT	0.011970	29246.21	lL97tfagi1	BUY
01:06:05	BTCUSDT	0.011970	29243.21	lL97tqRv71	BUY
01:06:06	BTCUSDT	0.011970	29240.21	lL97t06Mf1	BUY
01:06:08	BTCUSDT	0.011970	29237.21	lL97t4pwp1	BUY
01:06:09	BTCUSDT	0.011970	29234.21	lL97tr8Bq1	BUY
01:06:11	BTCUSDT	0.011970	29231.21	lL97tHqq71	BUY
01:06:12	BTCUSDT	0.011970	29228.21	lL97tr5tA1	BUY
01:06:14	BTCUSDT	0.011970	29225.21	lL97t7Jl61	BUY
01:06:19	BTCUSDT	0.011970	29252.21	lL97tnwCu1	BUY
01:06:21	BTCUSDT	0.011970	29249.21	lL97tOTUd1	BUY
01:06:22	BTCUSDT	0.011970	29246.21	lL97tfagi1	BUY
01:06:24	BTCUSDT	0.011970	29243.21	lL97tqRv71	BUY
01:06:25	BTCUSDT	0.011970	29240.21	lL97t06Mf1	BUY
01:06:27	BTCUSDT	0.011970	29237.21	lL97t4pwp1	BUY
01:06:28	BTCUSDT	0.011970	29234.21	lL97tr8Bq1	BUY
01:06:30	BTCUSDT	0.011970	29231.21	lL97tHqq71	BUY
01:06:31	BTCUSDT	0.011970	29228.21	lL97tr5tA1	BUY
01:06:33	BTCUSDT	0.011970	29225.21	lL97t7Jl61	BUY
01:06:38	BTCUSDT	0.011970	29252.21	lL97tnwCu1	BUY
01:06:40	BTCUSDT	0.011970	29249.21	lL97tOTUd1	BUY
01:06:41	BTCUSDT	0.011970	29246.21	lL97tfagi1	BUY
01:06:43	BTCUSDT	0.011970	29243.21	lL97tqRv71	BUY
01:06:44	BTCUSDT	0.011970	29240.21	lL97t06Mf1	BUY
01:06:46	BTCUSDT	0.011970	29237.21	lL97t4pwp1	BUY
01:06:48	BTCUSDT	0.011970	29234.21	lL97tr8Bq1	BUY
01:06:49	BTCUSDT	0.011970	29231.21	lL97tHqq71	BUY
01:06:51	BTCUSDT	0.011970	29228.21	lL97tr5tA1	BUY
01:06:52	BTCUSDT	0.011970	29225.21	lL97t7Jl61	BUY
01:06:57	BTCUSDT	0.011970	29252.21	lL97tnwCu1	BUY
01:06:59	BTCUSDT	0.011970	29249.21	lL97tOTUd1	BUY
01:07:00	BTCUSDT	0.011970	29246.21	lL97tfagi1	BUY
01:07:02	BTCUSDT	0.011970	29243.21	lL97tqRv71	BUY
01:07:03	BTCUSDT	0.011970	29240.21	lL97t06Mf1	BUY
01:07:05	BTCUSDT	0.011970	29237.21	lL97t4pwp1	BUY
01:07:07	BTCUSDT	0.011970	29234.21	lL97tr8Bq1	BUY
01:07:08	BTCUSDT	0.011970	29231.21	lL97tHqq71	BUY
01:07:10	BTCUSDT	0.011970	29228.21	lL97tr5tA1	BUY
01:07:11	BTCUSDT	0.011970	29225.21	lL97t7Jl61	BUY
01:07:16	BTCUSDT	0.011970	29252.21	lL97tnwCu1	BUY
01:07:18	BTCUSDT	0.011970	29249.21	lL97tOTUd1	BUY
01:07:20	BTCUSDT	0.011970	29246.21	lL97tfagi1	BUY
01:07:21	BTCUSDT	0.011970	29243.21	lL97tqRv71	BUY
01:07:23	BTCUSDT	0.011970	29240.21	lL97t06Mf1	BUY
01:07:24	BTCUSDT	0.011970	29237.21	lL97t4pwp1	BUY
01:07:26	BTCUSDT	0.011970	29234.21	lL97tr8Bq1	BUY
01:07:27	BTCUSDT	0.011970	29231.21	lL97tHqq71	BUY
01:07:29	BTCUSDT	0.011970	29228.21	lL97tr5tA1	BUY
01:07:31	BTCUSDT	0.011970	29225.21	lL97t7Jl61	BUY
01:07:36	BTCUSDT	0.011970	29252.21	lL97tnwCu1	BUY
01:07:38	BTCUSDT	0.011970	29249.21	lL97tOTUd1	BUY
01:07:39	BTCUSDT	0.011970	29246.21	lL97tfagi1	BUY
01:07:41	BTCUSDT	0.011970	29243.21	lL97tqRv71	BUY
01:07:42	BTCUSDT	0.011970	29240.21	lL97t06Mf1	BUY
01:07:44	BTCUSDT	0.011970	29237.21	lL97t4pwp1	BUY
01:07:45	BTCUSDT	0.011970	29234.21	lL97tr8Bq1	BUY
01:07:47	BTCUSDT	0.011970	29231.21	lL97tHqq71	BUY
01:07:48	BTCUSDT	0.011970	29228.21	lL97tr5tA1	BUY
01:07:50	BTCUSDT	0.011970	29225.21	lL97t7Jl61	BUY
01:07:55	BTCUSDT	0.011970	29252.21	lL97tnwCu1	BUY
01:07:57	BTCUSDT	0.011970	29249.21	lL97tOTUd1	BUY
01:07:58	BTCUSDT	0.011970	29246.21	lL97tfagi1	BUY
01:08:00	BTCUSDT	0.011970	29243.21	lL97tqRv71	BUY
01:08:01	BTCUSDT	0.011970	29240.21	lL97t06Mf1	BUY
01:08:03	BTCUSDT	0.011970	29237.21	lL97t4pwp1	BUY
01:08:04	BTCUSDT	0.011970	29234.21	lL97tr8Bq1	BUY
01:08:06	BTCUSDT	0.011970	29231.21	lL97tHqq71	BUY
01:08:07	BTCUSDT	0.011970	29228.21	lL97tr5tA1	BUY
01:08:09	BTCUSDT	0.011970	29225.21	lL97t7Jl61	BUY
01:08:17	BTCUSDT	0.011970	29188.4	lVvjvlDLH1	BUY
01:09:05	BTCUSDT	0.011970	29188.4	lVvjvlDLH1	BUY
01:09:06	BTCUSDT	0.011970	29185.4	lVvjvMu041	BUY
01:09:08	BTCUSDT	0.011970	29182.4	lVvjvA40B1	BUY
01:09:09	BTCUSDT	0.011970	29179.4	lVvjv4kTR1	BUY
01:09:11	BTCUSDT	0.011970	29176.4	lVvjvZ04b1	BUY
01:09:12	BTCUSDT	0.011970	29173.4	lVvjvyfbD1	BUY
01:09:14	BTCUSDT	0.011970	29170.4	lVvjvPAx81	BUY
01:09:15	BTCUSDT	0.011970	29167.4	lVvjvFXzp1	BUY
01:09:17	BTCUSDT	0.011970	29164.4	lVvjvu9x91	BUY
01:09:18	BTCUSDT	0.011970	29161.4	lVvjv0QLS1	BUY
01:09:24	BTCUSDT	0.011970	29188.4	lVvjvlDLH1	BUY
01:09:25	BTCUSDT	0.011970	29185.4	lVvjvMu041	BUY
01:09:27	BTCUSDT	0.011970	29182.4	lVvjvA40B1	BUY
01:09:28	BTCUSDT	0.011970	29179.4	lVvjv4kTR1	BUY
01:09:30	BTCUSDT	0.011970	29176.4	lVvjvZ04b1	BUY
01:09:31	BTCUSDT	0.011970	29173.4	lVvjvyfbD1	BUY
01:09:33	BTCUSDT	0.011970	29170.4	lVvjvPAx81	BUY
01:09:34	BTCUSDT	0.011970	29167.4	lVvjvFXzp1	BUY
01:09:36	BTCUSDT	0.011970	29164.4	lVvjvu9x91	BUY
01:09:37	BTCUSDT	0.011970	29161.4	lVvjv0QLS1	BUY
01:09:43	BTCUSDT	0.011970	29188.4	lVvjvlDLH1	BUY
01:09:44	BTCUSDT	0.011970	29185.4	lVvjvMu041	BUY
01:09:46	BTCUSDT	0.011970	29182.4	lVvjvA40B1	BUY
01:09:47	BTCUSDT	0.011970	29179.4	lVvjv4kTR1	BUY
01:09:49	BTCUSDT	0.011970	29176.4	lVvjvZ04b1	BUY
01:09:50	BTCUSDT	0.011970	29173.4	lVvjvyfbD1	BUY
01:09:52	BTCUSDT	0.011970	29170.4	lVvjvPAx81	BUY
01:09:53	BTCUSDT	0.011970	29167.4	lVvjvFXzp1	BUY
01:09:55	BTCUSDT	0.011970	29164.4	lVvjvu9x91	BUY
01:09:56	BTCUSDT	0.011970	29161.4	lVvjv0QLS1	BUY
01:10:02	BTCUSDT	0.011970	29188.4	lVvjvlDLH1	BUY
01:10:03	BTCUSDT	0.011970	29185.4	lVvjvMu041	BUY
01:10:05	BTCUSDT	0.011970	29182.4	lVvjvA40B1	BUY
01:10:06	BTCUSDT	0.011970	29179.4	lVvjv4kTR1	BUY
01:10:08	BTCUSDT	0.011970	29176.4	lVvjvZ04b1	BUY
01:10:09	BTCUSDT	0.011970	29173.4	lVvjvyfbD1	BUY
01:10:11	BTCUSDT	0.011970	29170.4	lVvjvPAx81	BUY
01:10:12	BTCUSDT	0.011970	29167.4	lVvjvFXzp1	BUY
01:10:14	BTCUSDT	0.011970	29164.4	lVvjvu9x91	BUY
01:10:15	BTCUSDT	0.011970	29161.4	lVvjv0QLS1	BUY
01:10:21	BTCUSDT	0.011970	29188.4	lVvjvlDLH1	BUY
01:10:23	BTCUSDT	0.011970	29185.4	lVvjvMu041	BUY
01:10:24	BTCUSDT	0.011970	29182.4	lVvjvA40B1	BUY
01:10:26	BTCUSDT	0.011970	29179.4	lVvjv4kTR1	BUY
01:10:27	BTCUSDT	0.011970	29176.4	lVvjvZ04b1	BUY
01:10:29	BTCUSDT	0.011970	29173.4	lVvjvyfbD1	BUY
01:10:30	BTCUSDT	0.011970	29170.4	lVvjvPAx81	BUY
01:10:32	BTCUSDT	0.011970	29167.4	lVvjvFXzp1	BUY
01:10:33	BTCUSDT	0.011970	29164.4	lVvjvu9x91	BUY
01:10:35	BTCUSDT	0.011970	29161.4	lVvjv0QLS1	BUY
01:10:40	BTCUSDT	0.011970	29188.4	lVvjvlDLH1	BUY
01:10:42	BTCUSDT	0.011970	29185.4	lVvjvMu041	BUY
01:10:43	BTCUSDT	0.011970	29182.4	lVvjvA40B1	BUY
01:10:45	BTCUSDT	0.011970	29179.4	lVvjv4kTR1	BUY
01:10:46	BTCUSDT	0.011970	29176.4	lVvjvZ04b1	BUY
01:10:48	BTCUSDT	0.011970	29173.4	lVvjvyfbD1	BUY
01:10:49	BTCUSDT	0.011970	29170.4	lVvjvPAx81	BUY
01:10:51	BTCUSDT	0.011970	29167.4	lVvjvFXzp1	BUY
01:10:52	BTCUSDT	0.011970	29164.4	lVvjvu9x91	BUY
01:10:54	BTCUSDT	0.011970	29161.4	lVvjv0QLS1	BUY
01:10:59	BTCUSDT	0.011970	29188.4	lVvjvlDLH1	BUY
01:11:01	BTCUSDT	0.011970	29185.4	lVvjvMu041	BUY
01:11:02	BTCUSDT	0.011970	29182.4	lVvjvA40B1	BUY
01:11:04	BTCUSDT	0.011970	29179.4	lVvjv4kTR1	BUY
01:11:05	BTCUSDT	0.011970	29176.4	lVvjvZ04b1	BUY
01:11:07	BTCUSDT	0.011970	29173.4	lVvjvyfbD1	BUY
01:11:08	BTCUSDT	0.011970	29170.4	lVvjvPAx81	BUY
01:11:10	BTCUSDT	0.011970	29167.4	lVvjvFXzp1	BUY
01:11:11	BTCUSDT	0.011970	29164.4	lVvjvu9x91	BUY
01:11:13	BTCUSDT	0.011970	29161.4	lVvjv0QLS1	BUY
01:11:18	BTCUSDT	0.011970	29188.4	lVvjvlDLH1	BUY
01:11:20	BTCUSDT	0.011970	29185.4	lVvjvMu041	BUY
01:11:21	BTCUSDT	0.011970	29182.4	lVvjvA40B1	BUY
01:11:23	BTCUSDT	0.011970	29179.4	lVvjv4kTR1	BUY
01:11:24	BTCUSDT	0.011970	29176.4	lVvjvZ04b1	BUY
01:11:26	BTCUSDT	0.011970	29173.4	lVvjvyfbD1	BUY
01:11:27	BTCUSDT	0.011970	29170.4	lVvjvPAx81	BUY
01:11:29	BTCUSDT	0.011970	29167.4	lVvjvFXzp1	BUY
01:11:30	BTCUSDT	0.011970	29164.4	lVvjvu9x91	BUY
01:11:32	BTCUSDT	0.011970	29161.4	lVvjv0QLS1	BUY
01:11:37	BTCUSDT	0.011970	29188.4	lVvjvlDLH1	BUY
01:11:39	BTCUSDT	0.011970	29185.4	lVvjvMu041	BUY
01:11:40	BTCUSDT	0.011970	29182.4	lVvjvA40B1	BUY
01:11:42	BTCUSDT	0.011970	29179.4	lVvjv4kTR1	BUY
01:11:43	BTCUSDT	0.011970	29176.4	lVvjvZ04b1	BUY
01:11:45	BTCUSDT	0.011970	29173.4	lVvjvyfbD1	BUY
01:11:46	BTCUSDT	0.011970	29170.4	lVvjvPAx81	BUY
01:11:48	BTCUSDT	0.011970	29167.4	lVvjvFXzp1	BUY
01:11:50	BTCUSDT	0.011970	29164.4	lVvjvu9x91	BUY
01:11:51	BTCUSDT	0.011970	29161.4	lVvjv0QLS1	BUY
01:11:56	BTCUSDT	0.011970	29188.4	lVvjvlDLH1	BUY
01:11:58	BTCUSDT	0.011970	29185.4	lVvjvMu041	BUY
01:12:00	BTCUSDT	0.011970	29182.4	lVvjvA40B1	BUY
01:12:01	BTCUSDT	0.011970	29179.4	lVvjv4kTR1	BUY
01:12:03	BTCUSDT	0.011970	29176.4	lVvjvZ04b1	BUY
01:12:04	BTCUSDT	0.011970	29173.4	lVvjvyfbD1	BUY
01:12:06	BTCUSDT	0.011970	29170.4	lVvjvPAx81	BUY
01:12:07	BTCUSDT	0.011970	29167.4	lVvjvFXzp1	BUY
01:12:09	BTCUSDT	0.011970	29164.4	lVvjvu9x91	BUY
01:12:10	BTCUSDT	0.011970	29161.4	lVvjv0QLS1	BUY
01:12:16	BTCUSDT	0.011970	29188.4	lVvjvlDLH1	BUY
01:12:17	BTCUSDT	0.011970	29185.4	lVvjvMu041	BUY
01:12:19	BTCUSDT	0.011970	29182.4	lVvjvA40B1	BUY
01:12:20	BTCUSDT	0.011970	29179.4	lVvjv4kTR1	BUY
01:12:22	BTCUSDT	0.011970	29176.4	lVvjvZ04b1	BUY
01:12:23	BTCUSDT	0.011970	29173.4	lVvjvyfbD1	BUY
01:12:25	BTCUSDT	0.011970	29170.4	lVvjvPAx81	BUY
01:12:26	BTCUSDT	0.011970	29167.4	lVvjvFXzp1	BUY
01:12:28	BTCUSDT	0.011970	29164.4	lVvjvu9x91	BUY
01:12:29	BTCUSDT	0.011970	29161.4	lVvjv0QLS1	BUY
01:12:34	BTCUSDT	0.011970	29188.4	lVvjvlDLH1	BUY
01:12:36	BTCUSDT	0.011970	29185.4	lVvjvMu041	BUY
01:12:37	BTCUSDT	0.011970	29182.4	lVvjvA40B1	BUY
01:12:39	BTCUSDT	0.011970	29179.4	lVvjv4kTR1	BUY
01:12:40	BTCUSDT	0.011970	29176.4	lVvjvZ04b1	BUY
01:12:42	BTCUSDT	0.011970	29173.4	lVvjvyfbD1	BUY
01:12:43	BTCUSDT	0.011970	29170.4	lVvjvPAx81	BUY
01:12:45	BTCUSDT	0.011970	29167.4	lVvjvFXzp1	BUY
01:12:47	BTCUSDT	0.011970	29164.4	lVvjvu9x91	BUY
01:12:48	BTCUSDT	0.011970	29161.4	lVvjv0QLS1	BUY
01:12:53	BTCUSDT	0.011970	29188.4	lVvjvlDLH1	BUY
01:12:55	BTCUSDT	0.011970	29185.4	lVvjvMu041	BUY
01:12:56	BTCUSDT	0.011970	29182.4	lVvjvA40B1	BUY
01:12:58	BTCUSDT	0.011970	29179.4	lVvjv4kTR1	BUY
01:12:59	BTCUSDT	0.011970	29176.4	lVvjvZ04b1	BUY
01:13:01	BTCUSDT	0.011970	29173.4	lVvjvyfbD1	BUY
01:13:02	BTCUSDT	0.011970	29170.4	lVvjvPAx81	BUY
01:13:04	BTCUSDT	0.011970	29167.4	lVvjvFXzp1	BUY
01:13:05	BTCUSDT	0.011970	29164.4	lVvjvu9x91	BUY
01:13:07	BTCUSDT	0.011970	29161.4	lVvjv0QLS1	BUY
01:13:12	BTCUSDT	0.011970	29188.4	lVvjvlDLH1	BUY
01:13:14	BTCUSDT	0.011970	29185.4	lVvjvMu041	BUY
01:13:15	BTCUSDT	0.011970	29182.4	lVvjvA40B1	BUY
01:13:17	BTCUSDT	0.011970	29179.4	lVvjv4kTR1	BUY
01:13:18	BTCUSDT	0.011970	29176.4	lVvjvZ04b1	BUY
01:13:20	BTCUSDT	0.011970	29173.4	lVvjvyfbD1	BUY
01:13:21	BTCUSDT	0.011970	29170.4	lVvjvPAx81	BUY
01:13:23	BTCUSDT	0.011970	29167.4	lVvjvFXzp1	BUY
01:13:24	BTCUSDT	0.011970	29164.4	lVvjvu9x91	BUY
01:13:26	BTCUSDT	0.011970	29161.4	lVvjv0QLS1	BUY
01:13:32	BTCUSDT	0.011970	29188.4	lVvjvlDLH1	BUY
01:13:33	BTCUSDT	0.011970	29185.4	lVvjvMu041	BUY
01:13:35	BTCUSDT	0.011970	29182.4	lVvjvA40B1	BUY
01:13:36	BTCUSDT	0.011970	29179.4	lVvjv4kTR1	BUY
01:13:38	BTCUSDT	0.011970	29176.4	lVvjvZ04b1	BUY
01:13:39	BTCUSDT	0.011970	29173.4	lVvjvyfbD1	BUY
01:13:41	BTCUSDT	0.011970	29170.4	lVvjvPAx81	BUY
01:13:42	BTCUSDT	0.011970	29167.4	lVvjvFXzp1	BUY
01:13:44	BTCUSDT	0.011970	29164.4	lVvjvu9x91	BUY
01:13:45	BTCUSDT	0.011970	29161.4	lVvjv0QLS1	BUY
01:13:50	BTCUSDT	0.011970	29188.4	lVvjvlDLH1	BUY
01:13:52	BTCUSDT	0.011970	29185.4	lVvjvMu041	BUY
01:13:53	BTCUSDT	0.011970	29182.4	lVvjvA40B1	BUY
01:13:55	BTCUSDT	0.011970	29179.4	lVvjv4kTR1	BUY
01:13:56	BTCUSDT	0.011970	29176.4	lVvjvZ04b1	BUY
01:13:58	BTCUSDT	0.011970	29173.4	lVvjvyfbD1	BUY
01:14:00	BTCUSDT	0.011970	29170.4	lVvjvPAx81	BUY
01:14:01	BTCUSDT	0.011970	29167.4	lVvjvFXzp1	BUY
01:14:03	BTCUSDT	0.011970	29164.4	lVvjvu9x91	BUY
01:14:04	BTCUSDT	0.011970	29161.4	lVvjv0QLS1	BUY
01:14:10	BTCUSDT	0.011970	29188.4	lVvjvlDLH1	BUY
01:14:11	BTCUSDT	0.011970	29185.4	lVvjvMu041	BUY
01:14:13	BTCUSDT	0.011970	29182.4	lVvjvA40B1	BUY
01:14:14	BTCUSDT	0.011970	29179.4	lVvjv4kTR1	BUY
01:14:16	BTCUSDT	0.011970	29176.4	lVvjvZ04b1	BUY
01:14:17	BTCUSDT	0.011970	29173.4	lVvjvyfbD1	BUY
01:14:19	BTCUSDT	0.011970	29170.4	lVvjvPAx81	BUY
01:14:20	BTCUSDT	0.011970	29167.4	lVvjvFXzp1	BUY
01:14:22	BTCUSDT	0.011970	29164.4	lVvjvu9x91	BUY
01:14:23	BTCUSDT	0.011970	29161.4	lVvjv0QLS1	BUY
01:14:29	BTCUSDT	0.011970	29188.4	lVvjvlDLH1	BUY
01:14:30	BTCUSDT	0.011970	29185.4	lVvjvMu041	BUY
01:14:32	BTCUSDT	0.011970	29182.4	lVvjvA40B1	BUY
01:14:33	BTCUSDT	0.011970	29179.4	lVvjv4kTR1	BUY
01:14:35	BTCUSDT	0.011970	29176.4	lVvjvZ04b1	BUY
01:14:36	BTCUSDT	0.011970	29173.4	lVvjvyfbD1	BUY
01:14:38	BTCUSDT	0.011970	29170.4	lVvjvPAx81	BUY
01:14:39	BTCUSDT	0.011970	29167.4	lVvjvFXzp1	BUY
01:14:41	BTCUSDT	0.011970	29164.4	lVvjvu9x91	BUY
01:14:42	BTCUSDT	0.011970	29161.4	lVvjv0QLS1	BUY
01:14:48	BTCUSDT	0.011970	29188.4	lVvjvlDLH1	BUY
01:14:49	BTCUSDT	0.011970	29185.4	lVvjvMu041	BUY
01:14:51	BTCUSDT	0.011970	29182.4	lVvjvA40B1	BUY
01:14:52	BTCUSDT	0.011970	29179.4	lVvjv4kTR1	BUY
01:14:54	BTCUSDT	0.011970	29176.4	lVvjvZ04b1	BUY
01:14:55	BTCUSDT	0.011970	29173.4	lVvjvyfbD1	BUY
01:14:57	BTCUSDT	0.011970	29170.4	lVvjvPAx81	BUY
01:14:58	BTCUSDT	0.011970	29167.4	lVvjvFXzp1	BUY
01:15:00	BTCUSDT	0.011970	29164.4	lVvjvu9x91	BUY
01:15:01	BTCUSDT	0.011970	29161.4	lVvjv0QLS1	BUY
01:15:07	BTCUSDT	0.011970	29188.4	lVvjvlDLH1	BUY
01:15:09	BTCUSDT	0.011970	29185.4	lVvjvMu041	BUY
01:15:10	BTCUSDT	0.011970	29182.4	lVvjvA40B1	BUY
01:15:12	BTCUSDT	0.011970	29179.4	lVvjv4kTR1	BUY
01:15:13	BTCUSDT	0.011970	29176.4	lVvjvZ04b1	BUY
01:15:15	BTCUSDT	0.011970	29173.4	lVvjvyfbD1	BUY
01:15:16	BTCUSDT	0.011970	29170.4	lVvjvPAx81	BUY
01:15:18	BTCUSDT	0.011970	29167.4	lVvjvFXzp1	BUY
01:15:19	BTCUSDT	0.011970	29164.4	lVvjvu9x91	BUY
01:15:21	BTCUSDT	0.011970	29161.4	lVvjv0QLS1	BUY
01:15:26	BTCUSDT	0.011970	29188.4	lVvjvlDLH1	BUY
01:15:28	BTCUSDT	0.011970	29185.4	lVvjvMu041	BUY
01:15:29	BTCUSDT	0.011970	29182.4	lVvjvA40B1	BUY
01:15:31	BTCUSDT	0.011970	29179.4	lVvjv4kTR1	BUY
01:15:33	BTCUSDT	0.011970	29176.4	lVvjvZ04b1	BUY
01:15:34	BTCUSDT	0.011970	29173.4	lVvjvyfbD1	BUY
01:15:36	BTCUSDT	0.011970	29170.4	lVvjvPAx81	BUY
01:15:37	BTCUSDT	0.011970	29167.4	lVvjvFXzp1	BUY
01:15:39	BTCUSDT	0.011970	29164.4	lVvjvu9x91	BUY
01:15:40	BTCUSDT	0.011970	29161.4	lVvjv0QLS1	BUY
01:15:45	BTCUSDT	0.011970	29188.4	lVvjvlDLH1	BUY
01:15:47	BTCUSDT	0.011970	29185.4	lVvjvMu041	BUY
01:15:49	BTCUSDT	0.011970	29182.4	lVvjvA40B1	BUY
01:15:51	BTCUSDT	0.011970	29179.4	lVvjv4kTR1	BUY
01:15:52	BTCUSDT	0.011970	29176.4	lVvjvZ04b1	BUY
01:15:54	BTCUSDT	0.011970	29173.4	lVvjvyfbD1	BUY
01:15:55	BTCUSDT	0.011970	29170.4	lVvjvPAx81	BUY
01:15:57	BTCUSDT	0.011970	29167.4	lVvjvFXzp1	BUY
01:15:58	BTCUSDT	0.011970	29164.4	lVvjvu9x91	BUY
01:16:00	BTCUSDT	0.011970	29161.4	lVvjv0QLS1	BUY
01:16:05	BTCUSDT	0.011970	29188.4	lVvjvlDLH1	BUY
01:16:07	BTCUSDT	0.011970	29185.4	lVvjvMu041	BUY
01:16:08	BTCUSDT	0.011970	29182.4	lVvjvA40B1	BUY
01:16:10	BTCUSDT	0.011970	29179.4	lVvjv4kTR1	BUY
01:16:11	BTCUSDT	0.011970	29176.4	lVvjvZ04b1	BUY
01:16:13	BTCUSDT	0.011970	29173.4	lVvjvyfbD1	BUY
01:16:14	BTCUSDT	0.011970	29170.4	lVvjvPAx81	BUY
01:16:16	BTCUSDT	0.011970	29167.4	lVvjvFXzp1	BUY
01:16:17	BTCUSDT	0.011970	29164.4	lVvjvu9x91	BUY
01:16:19	BTCUSDT	0.011970	29161.4	lVvjv0QLS1	BUY
01:16:25	BTCUSDT	0.011970	29188.4	lVvjvlDLH1	BUY
01:16:26	BTCUSDT	0.011970	29185.4	lVvjvMu041	BUY
01:16:28	BTCUSDT	0.011970	29182.4	lVvjvA40B1	BUY
01:16:29	BTCUSDT	0.011970	29179.4	lVvjv4kTR1	BUY
01:16:31	BTCUSDT	0.011970	29176.4	lVvjvZ04b1	BUY
01:16:32	BTCUSDT	0.011970	29173.4	lVvjvyfbD1	BUY
01:16:34	BTCUSDT	0.011970	29170.4	lVvjvPAx81	BUY
01:16:36	BTCUSDT	0.011970	29167.4	lVvjvFXzp1	BUY
01:16:37	BTCUSDT	0.011970	29164.4	lVvjvu9x91	BUY
01:16:39	BTCUSDT	0.011970	29161.4	lVvjv0QLS1	BUY
01:16:44	BTCUSDT	0.011970	29188.4	lVvjvlDLH1	BUY
01:16:46	BTCUSDT	0.011970	29185.4	lVvjvMu041	BUY
01:16:47	BTCUSDT	0.011970	29182.4	lVvjvA40B1	BUY
01:16:49	BTCUSDT	0.011970	29179.4	lVvjv4kTR1	BUY
01:16:50	BTCUSDT	0.011970	29176.4	lVvjvZ04b1	BUY
01:16:52	BTCUSDT	0.011970	29173.4	lVvjvyfbD1	BUY
01:16:53	BTCUSDT	0.011970	29170.4	lVvjvPAx81	BUY
01:16:55	BTCUSDT	0.011970	29167.4	lVvjvFXzp1	BUY
01:16:56	BTCUSDT	0.011970	29164.4	lVvjvu9x91	BUY
01:16:58	BTCUSDT	0.011970	29161.4	lVvjv0QLS1	BUY
01:17:03	BTCUSDT	0.011970	29188.4	lVvjvlDLH1	BUY
01:17:05	BTCUSDT	0.011970	29185.4	lVvjvMu041	BUY
01:17:06	BTCUSDT	0.011970	29182.4	lVvjvA40B1	BUY
01:17:08	BTCUSDT	0.011970	29179.4	lVvjv4kTR1	BUY
01:17:09	BTCUSDT	0.011970	29176.4	lVvjvZ04b1	BUY
01:17:11	BTCUSDT	0.011970	29173.4	lVvjvyfbD1	BUY
01:17:12	BTCUSDT	0.011970	29170.4	lVvjvPAx81	BUY
01:17:14	BTCUSDT	0.011970	29167.4	lVvjvFXzp1	BUY
01:17:16	BTCUSDT	0.011970	29164.4	lVvjvu9x91	BUY
01:17:17	BTCUSDT	0.011970	29161.4	lVvjv0QLS1	BUY
01:17:23	BTCUSDT	0.011970	29188.4	lVvjvlDLH1	BUY
01:17:24	BTCUSDT	0.011970	29185.4	lVvjvMu041	BUY
01:17:26	BTCUSDT	0.011970	29182.4	lVvjvA40B1	BUY
01:17:27	BTCUSDT	0.011970	29179.4	lVvjv4kTR1	BUY
01:17:29	BTCUSDT	0.011970	29176.4	lVvjvZ04b1	BUY
01:17:30	BTCUSDT	0.011970	29173.4	lVvjvyfbD1	BUY
01:17:32	BTCUSDT	0.011970	29170.4	lVvjvPAx81	BUY
01:17:33	BTCUSDT	0.011970	29167.4	lVvjvFXzp1	BUY
01:17:35	BTCUSDT	0.011970	29164.4	lVvjvu9x91	BUY
01:17:36	BTCUSDT	0.011970	29161.4	lVvjv0QLS1	BUY
01:17:42	BTCUSDT	0.011970	29188.4	lVvjvlDLH1	BUY
01:17:43	BTCUSDT	0.011970	29185.4	lVvjvMu041	BUY
01:17:45	BTCUSDT	0.011970	29182.4	lVvjvA40B1	BUY
01:17:46	BTCUSDT	0.011970	29179.4	lVvjv4kTR1	BUY
01:17:48	BTCUSDT	0.011970	29176.4	lVvjvZ04b1	BUY
01:17:49	BTCUSDT	0.011970	29173.4	lVvjvyfbD1	BUY
01:17:51	BTCUSDT	0.011970	29170.4	lVvjvPAx81	BUY
01:17:52	BTCUSDT	0.011970	29167.4	lVvjvFXzp1	BUY
01:17:54	BTCUSDT	0.011970	29164.4	lVvjvu9x91	BUY
01:17:55	BTCUSDT	0.011970	29161.4	lVvjv0QLS1	BUY
01:18:01	BTCUSDT	0.011970	29188.4	lVvjvlDLH1	BUY
01:18:02	BTCUSDT	0.011970	29185.4	lVvjvMu041	BUY
01:18:04	BTCUSDT	0.011970	29182.4	lVvjvA40B1	BUY
01:18:05	BTCUSDT	0.011970	29179.4	lVvjv4kTR1	BUY
01:18:07	BTCUSDT	0.011970	29176.4	lVvjvZ04b1	BUY
01:18:08	BTCUSDT	0.011970	29173.4	lVvjvyfbD1	BUY
01:18:10	BTCUSDT	0.011970	29170.4	lVvjvPAx81	BUY
01:18:11	BTCUSDT	0.011970	29167.4	lVvjvFXzp1	BUY
01:18:13	BTCUSDT	0.011970	29164.4	lVvjvu9x91	BUY
01:18:14	BTCUSDT	0.011970	29161.4	lVvjv0QLS1	BUY
01:18:20	BTCUSDT	0.011970	29188.4	lVvjvlDLH1	BUY
01:18:21	BTCUSDT	0.011970	29185.4	lVvjvMu041	BUY
01:18:23	BTCUSDT	0.011970	29182.4	lVvjvA40B1	BUY
01:18:24	BTCUSDT	0.011970	29179.4	lVvjv4kTR1	BUY
01:18:26	BTCUSDT	0.011970	29176.4	lVvjvZ04b1	BUY
01:18:27	BTCUSDT	0.011970	29173.4	lVvjvyfbD1	BUY
01:18:29	BTCUSDT	0.011970	29170.4	lVvjvPAx81	BUY
01:18:30	BTCUSDT	0.011970	29167.4	lVvjvFXzp1	BUY
01:18:32	BTCUSDT	0.011970	29164.4	lVvjvu9x91	BUY
01:18:33	BTCUSDT	0.011970	29161.4	lVvjv0QLS1	BUY
01:18:39	BTCUSDT	0.011970	29188.4	lVvjvlDLH1	BUY
01:18:41	BTCUSDT	0.011970	29185.4	lVvjvMu041	BUY
01:18:42	BTCUSDT	0.011970	29182.4	lVvjvA40B1	BUY
01:18:44	BTCUSDT	0.011970	29179.4	lVvjv4kTR1	BUY
01:18:45	BTCUSDT	0.011970	29176.4	lVvjvZ04b1	BUY
01:18:47	BTCUSDT	0.011970	29173.4	lVvjvyfbD1	BUY
01:18:48	BTCUSDT	0.011970	29170.4	lVvjvPAx81	BUY
01:18:50	BTCUSDT	0.011970	29167.4	lVvjvFXzp1	BUY
01:18:51	BTCUSDT	0.011970	29164.4	lVvjvu9x91	BUY
01:18:53	BTCUSDT	0.011970	29161.4	lVvjv0QLS1	BUY
01:18:58	BTCUSDT	0.011970	29188.4	lVvjvlDLH1	BUY
01:19:00	BTCUSDT	0.011970	29185.4	lVvjvMu041	BUY
01:19:01	BTCUSDT	0.011970	29182.4	lVvjvA40B1	BUY
01:19:03	BTCUSDT	0.011970	29179.4	lVvjv4kTR1	BUY
01:19:04	BTCUSDT	0.011970	29176.4	lVvjvZ04b1	BUY
01:19:06	BTCUSDT	0.011970	29173.4	lVvjvyfbD1	BUY
01:19:07	BTCUSDT	0.011970	29170.4	lVvjvPAx81	BUY
01:19:09	BTCUSDT	0.011970	29167.4	lVvjvFXzp1	BUY
01:19:10	BTCUSDT	0.011970	29164.4	lVvjvu9x91	BUY
01:19:12	BTCUSDT	0.011970	29161.4	lVvjv0QLS1	BUY
01:19:17	BTCUSDT	0.011970	29188.4	lVvjvlDLH1	BUY
01:19:19	BTCUSDT	0.011970	29185.4	lVvjvMu041	BUY
01:19:20	BTCUSDT	0.011970	29182.4	lVvjvA40B1	BUY
01:19:22	BTCUSDT	0.011970	29179.4	lVvjv4kTR1	BUY
01:19:23	BTCUSDT	0.011970	29176.4	lVvjvZ04b1	BUY
01:19:25	BTCUSDT	0.011970	29173.4	lVvjvyfbD1	BUY
01:19:26	BTCUSDT	0.011970	29170.4	lVvjvPAx81	BUY
01:19:28	BTCUSDT	0.011970	29167.4	lVvjvFXzp1	BUY
01:19:29	BTCUSDT	0.011970	29164.4	lVvjvu9x91	BUY
01:19:31	BTCUSDT	0.011970	29161.4	lVvjv0QLS1	BUY
01:19:36	BTCUSDT	0.011970	29188.4	lVvjvlDLH1	BUY
01:19:38	BTCUSDT	0.011970	29185.4	lVvjvMu041	BUY
01:19:39	BTCUSDT	0.011970	29182.4	lVvjvA40B1	BUY
01:19:41	BTCUSDT	0.011970	29179.4	lVvjv4kTR1	BUY
01:19:42	BTCUSDT	0.011970	29176.4	lVvjvZ04b1	BUY
01:19:44	BTCUSDT	0.011970	29173.4	lVvjvyfbD1	BUY
01:19:45	BTCUSDT	0.011970	29170.4	lVvjvPAx81	BUY
01:19:47	BTCUSDT	0.011970	29167.4	lVvjvFXzp1	BUY
01:19:48	BTCUSDT	0.011970	29164.4	lVvjvu9x91	BUY
01:19:50	BTCUSDT	0.011970	29161.4	lVvjv0QLS1	BUY
01:19:55	BTCUSDT	0.011970	29188.4	lVvjvlDLH1	BUY
01:19:57	BTCUSDT	0.011970	29185.4	lVvjvMu041	BUY
01:19:58	BTCUSDT	0.011970	29182.4	lVvjvA40B1	BUY
01:20:00	BTCUSDT	0.011970	29179.4	lVvjv4kTR1	BUY
01:20:01	BTCUSDT	0.011970	29176.4	lVvjvZ04b1	BUY
01:20:03	BTCUSDT	0.011970	29173.4	lVvjvyfbD1	BUY
01:20:04	BTCUSDT	0.011970	29170.4	lVvjvPAx81	BUY
01:20:06	BTCUSDT	0.011970	29167.4	lVvjvFXzp1	BUY
01:20:07	BTCUSDT	0.011970	29164.4	lVvjvu9x91	BUY
01:20:09	BTCUSDT	0.011970	29161.4	lVvjv0QLS1	BUY
01:20:14	BTCUSDT	0.011970	29188.4	lVvjvlDLH1	BUY
01:20:16	BTCUSDT	0.011970	29185.4	lVvjvMu041	BUY
01:20:17	BTCUSDT	0.011970	29182.4	lVvjvA40B1	BUY
01:20:19	BTCUSDT	0.011970	29179.4	lVvjv4kTR1	BUY
01:20:20	BTCUSDT	0.011970	29176.4	lVvjvZ04b1	BUY
01:20:22	BTCUSDT	0.011970	29173.4	lVvjvyfbD1	BUY
01:20:23	BTCUSDT	0.011970	29170.4	lVvjvPAx81	BUY
01:20:25	BTCUSDT	0.011970	29167.4	lVvjvFXzp1	BUY
01:20:26	BTCUSDT	0.011970	29164.4	lVvjvu9x91	BUY
01:20:28	BTCUSDT	0.011970	29161.4	lVvjv0QLS1	BUY
01:20:34	BTCUSDT	0.011970	29188.4	lVvjvlDLH1	BUY
01:20:35	BTCUSDT	0.011970	29185.4	lVvjvMu041	BUY
01:20:37	BTCUSDT	0.011970	29182.4	lVvjvA40B1	BUY
01:20:38	BTCUSDT	0.011970	29179.4	lVvjv4kTR1	BUY
01:20:40	BTCUSDT	0.011970	29176.4	lVvjvZ04b1	BUY
01:20:41	BTCUSDT	0.011970	29173.4	lVvjvyfbD1	BUY
01:20:43	BTCUSDT	0.011970	29170.4	lVvjvPAx81	BUY
01:20:44	BTCUSDT	0.011970	29167.4	lVvjvFXzp1	BUY
01:20:46	BTCUSDT	0.011970	29164.4	lVvjvu9x91	BUY
01:20:47	BTCUSDT	0.011970	29161.4	lVvjv0QLS1	BUY
01:20:53	BTCUSDT	0.011970	29188.4	lVvjvlDLH1	BUY
01:20:54	BTCUSDT	0.011970	29185.4	lVvjvMu041	BUY
01:20:56	BTCUSDT	0.011970	29182.4	lVvjvA40B1	BUY
01:20:57	BTCUSDT	0.011970	29179.4	lVvjv4kTR1	BUY
01:20:59	BTCUSDT	0.011970	29176.4	lVvjvZ04b1	BUY
01:21:00	BTCUSDT	0.011970	29173.4	lVvjvyfbD1	BUY
01:21:02	BTCUSDT	0.011970	29170.4	lVvjvPAx81	BUY
01:21:03	BTCUSDT	0.011970	29167.4	lVvjvFXzp1	BUY
01:21:05	BTCUSDT	0.011970	29164.4	lVvjvu9x91	BUY
01:21:06	BTCUSDT	0.011970	29161.4	lVvjv0QLS1	BUY
01:21:12	BTCUSDT	0.011970	29188.4	lVvjvlDLH1	BUY
01:21:13	BTCUSDT	0.011970	29185.4	lVvjvMu041	BUY
01:21:15	BTCUSDT	0.011970	29182.4	lVvjvA40B1	BUY
01:21:16	BTCUSDT	0.011970	29179.4	lVvjv4kTR1	BUY
01:21:18	BTCUSDT	0.011970	29176.4	lVvjvZ04b1	BUY
01:21:19	BTCUSDT	0.011970	29173.4	lVvjvyfbD1	BUY
01:21:21	BTCUSDT	0.011970	29170.4	lVvjvPAx81	BUY
01:21:22	BTCUSDT	0.011970	29167.4	lVvjvFXzp1	BUY
01:21:24	BTCUSDT	0.011970	29164.4	lVvjvu9x91	BUY
01:21:25	BTCUSDT	0.011970	29161.4	lVvjv0QLS1	BUY
01:21:30	BTCUSDT	0.011970	29188.4	lVvjvlDLH1	BUY
01:21:32	BTCUSDT	0.011970	29185.4	lVvjvMu041	BUY
01:21:33	BTCUSDT	0.011970	29182.4	lVvjvA40B1	BUY
01:21:35	BTCUSDT	0.011970	29179.4	lVvjv4kTR1	BUY
01:21:36	BTCUSDT	0.011970	29176.4	lVvjvZ04b1	BUY
01:21:38	BTCUSDT	0.011970	29173.4	lVvjvyfbD1	BUY
01:21:39	BTCUSDT	0.011970	29170.4	lVvjvPAx81	BUY
01:21:41	BTCUSDT	0.011970	29167.4	lVvjvFXzp1	BUY
01:21:42	BTCUSDT	0.011970	29164.4	lVvjvu9x91	BUY
01:21:44	BTCUSDT	0.011970	29161.4	lVvjv0QLS1	BUY
01:21:50	BTCUSDT	0.011970	29188.4	lVvjvlDLH1	BUY
01:21:51	BTCUSDT	0.011970	29185.4	lVvjvMu041	BUY
01:21:53	BTCUSDT	0.011970	29182.4	lVvjvA40B1	BUY
01:21:54	BTCUSDT	0.011970	29179.4	lVvjv4kTR1	BUY
01:21:56	BTCUSDT	0.011970	29176.4	lVvjvZ04b1	BUY
01:21:57	BTCUSDT	0.011970	29173.4	lVvjvyfbD1	BUY
01:21:59	BTCUSDT	0.011970	29170.4	lVvjvPAx81	BUY
01:22:00	BTCUSDT	0.011970	29167.4	lVvjvFXzp1	BUY
01:22:02	BTCUSDT	0.011970	29164.4	lVvjvu9x91	BUY
01:22:03	BTCUSDT	0.011970	29161.4	lVvjv0QLS1	BUY
01:22:09	BTCUSDT	0.011970	29188.4	lVvjvlDLH1	BUY
01:22:11	BTCUSDT	0.011970	29185.4	lVvjvMu041	BUY
01:22:12	BTCUSDT	0.011970	29182.4	lVvjvA40B1	BUY
01:22:14	BTCUSDT	0.011970	29179.4	lVvjv4kTR1	BUY
01:22:15	BTCUSDT	0.011970	29176.4	lVvjvZ04b1	BUY
01:22:17	BTCUSDT	0.011970	29173.4	lVvjvyfbD1	BUY
01:22:18	BTCUSDT	0.011970	29170.4	lVvjvPAx81	BUY
01:22:20	BTCUSDT	0.011970	29167.4	lVvjvFXzp1	BUY
01:22:21	BTCUSDT	0.011970	29164.4	lVvjvu9x91	BUY
01:22:23	BTCUSDT	0.011970	29161.4	lVvjv0QLS1	BUY
01:22:28	BTCUSDT	0.011970	29188.4	lVvjvlDLH1	BUY
01:22:30	BTCUSDT	0.011970	29185.4	lVvjvMu041	BUY
01:22:31	BTCUSDT	0.011970	29182.4	lVvjvA40B1	BUY
01:22:33	BTCUSDT	0.011970	29179.4	lVvjv4kTR1	BUY
01:22:34	BTCUSDT	0.011970	29176.4	lVvjvZ04b1	BUY
01:22:36	BTCUSDT	0.011970	29173.4	lVvjvyfbD1	BUY
01:22:37	BTCUSDT	0.011970	29170.4	lVvjvPAx81	BUY
01:22:39	BTCUSDT	0.011970	29167.4	lVvjvFXzp1	BUY
01:22:40	BTCUSDT	0.011970	29164.4	lVvjvu9x91	BUY
01:22:42	BTCUSDT	0.011970	29161.4	lVvjv0QLS1	BUY
01:22:47	BTCUSDT	0.011970	29188.4	lVvjvlDLH1	BUY
01:22:49	BTCUSDT	0.011970	29185.4	lVvjvMu041	BUY
01:22:50	BTCUSDT	0.011970	29182.4	lVvjvA40B1	BUY
01:22:52	BTCUSDT	0.011970	29179.4	lVvjv4kTR1	BUY
01:22:53	BTCUSDT	0.011970	29176.4	lVvjvZ04b1	BUY
01:22:55	BTCUSDT	0.011970	29173.4	lVvjvyfbD1	BUY
01:22:56	BTCUSDT	0.011970	29170.4	lVvjvPAx81	BUY
01:22:58	BTCUSDT	0.011970	29167.4	lVvjvFXzp1	BUY
01:22:59	BTCUSDT	0.011970	29164.4	lVvjvu9x91	BUY
01:23:01	BTCUSDT	0.011970	29161.4	lVvjv0QLS1	BUY
01:23:06	BTCUSDT	0.011970	29188.4	lVvjvlDLH1	BUY
01:23:08	BTCUSDT	0.011970	29185.4	lVvjvMu041	BUY
01:23:09	BTCUSDT	0.011970	29182.4	lVvjvA40B1	BUY
01:23:11	BTCUSDT	0.011970	29179.4	lVvjv4kTR1	BUY
01:23:12	BTCUSDT	0.011970	29176.4	lVvjvZ04b1	BUY
01:23:14	BTCUSDT	0.011970	29173.4	lVvjvyfbD1	BUY
01:23:15	BTCUSDT	0.011970	29170.4	lVvjvPAx81	BUY
01:23:17	BTCUSDT	0.011970	29167.4	lVvjvFXzp1	BUY
01:23:18	BTCUSDT	0.011970	29164.4	lVvjvu9x91	BUY
01:23:20	BTCUSDT	0.011970	29161.4	lVvjv0QLS1	BUY
01:23:25	BTCUSDT	0.011970	29188.4	lVvjvlDLH1	BUY
01:23:27	BTCUSDT	0.011970	29185.4	lVvjvMu041	BUY
01:23:28	BTCUSDT	0.011970	29182.4	lVvjvA40B1	BUY
01:23:30	BTCUSDT	0.011970	29179.4	lVvjv4kTR1	BUY
01:23:31	BTCUSDT	0.011970	29176.4	lVvjvZ04b1	BUY
01:23:33	BTCUSDT	0.011970	29173.4	lVvjvyfbD1	BUY
01:23:34	BTCUSDT	0.011970	29170.4	lVvjvPAx81	BUY
01:23:36	BTCUSDT	0.011970	29167.4	lVvjvFXzp1	BUY
01:23:37	BTCUSDT	0.011970	29164.4	lVvjvu9x91	BUY
01:23:39	BTCUSDT	0.011970	29161.4	lVvjv0QLS1	BUY
01:23:45	BTCUSDT	0.011970	29188.4	lVvjvlDLH1	BUY
01:23:46	BTCUSDT	0.011970	29185.4	lVvjvMu041	BUY
01:23:48	BTCUSDT	0.011970	29182.4	lVvjvA40B1	BUY
01:23:49	BTCUSDT	0.011970	29179.4	lVvjv4kTR1	BUY
01:23:51	BTCUSDT	0.011970	29176.4	lVvjvZ04b1	BUY
01:23:52	BTCUSDT	0.011970	29173.4	lVvjvyfbD1	BUY
01:23:54	BTCUSDT	0.011970	29170.4	lVvjvPAx81	BUY
01:23:55	BTCUSDT	0.011970	29167.4	lVvjvFXzp1	BUY
01:23:57	BTCUSDT	0.011970	29164.4	lVvjvu9x91	BUY
01:23:58	BTCUSDT	0.011970	29161.4	lVvjv0QLS1	BUY
01:24:04	BTCUSDT	0.011970	29188.4	lVvjvlDLH1	BUY
01:24:06	BTCUSDT	0.011970	29185.4	lVvjvMu041	BUY
01:24:07	BTCUSDT	0.011970	29182.4	lVvjvA40B1	BUY
01:24:09	BTCUSDT	0.011970	29179.4	lVvjv4kTR1	BUY
01:24:10	BTCUSDT	0.011970	29176.4	lVvjvZ04b1	BUY
01:24:12	BTCUSDT	0.011970	29173.4	lVvjvyfbD1	BUY
01:24:13	BTCUSDT	0.011970	29170.4	lVvjvPAx81	BUY
01:24:15	BTCUSDT	0.011970	29167.4	lVvjvFXzp1	BUY
01:24:16	BTCUSDT	0.011970	29164.4	lVvjvu9x91	BUY
01:24:18	BTCUSDT	0.011970	29161.4	lVvjv0QLS1	BUY
01:24:23	BTCUSDT	0.011970	29188.4	lVvjvlDLH1	BUY
01:24:25	BTCUSDT	0.011970	29185.4	lVvjvMu041	BUY
01:24:26	BTCUSDT	0.011970	29182.4	lVvjvA40B1	BUY
01:24:28	BTCUSDT	0.011970	29179.4	lVvjv4kTR1	BUY
01:24:29	BTCUSDT	0.011970	29176.4	lVvjvZ04b1	BUY
01:24:31	BTCUSDT	0.011970	29173.4	lVvjvyfbD1	BUY
01:24:32	BTCUSDT	0.011970	29170.4	lVvjvPAx81	BUY
01:24:34	BTCUSDT	0.011970	29167.4	lVvjvFXzp1	BUY
01:24:35	BTCUSDT	0.011970	29164.4	lVvjvu9x91	BUY
01:24:37	BTCUSDT	0.011970	29161.4	lVvjv0QLS1	BUY
01:24:42	BTCUSDT	0.011970	29188.4	lVvjvlDLH1	BUY
01:24:44	BTCUSDT	0.011970	29185.4	lVvjvMu041	BUY
01:24:45	BTCUSDT	0.011970	29182.4	lVvjvA40B1	BUY
01:24:47	BTCUSDT	0.011970	29179.4	lVvjv4kTR1	BUY
01:24:48	BTCUSDT	0.011970	29176.4	lVvjvZ04b1	BUY
01:24:50	BTCUSDT	0.011970	29173.4	lVvjvyfbD1	BUY
01:24:51	BTCUSDT	0.011970	29170.4	lVvjvPAx81	BUY
01:24:53	BTCUSDT	0.011970	29167.4	lVvjvFXzp1	BUY
01:24:54	BTCUSDT	0.011970	29164.4	lVvjvu9x91	BUY
01:24:56	BTCUSDT	0.011970	29161.4	lVvjv0QLS1	BUY
01:25:01	BTCUSDT	0.011970	29188.4	lVvjvlDLH1	BUY
01:25:03	BTCUSDT	0.011970	29185.4	lVvjvMu041	BUY
01:25:04	BTCUSDT	0.011970	29182.4	lVvjvA40B1	BUY
01:25:06	BTCUSDT	0.011970	29179.4	lVvjv4kTR1	BUY
01:25:07	BTCUSDT	0.011970	29176.4	lVvjvZ04b1	BUY
01:25:09	BTCUSDT	0.011970	29173.4	lVvjvyfbD1	BUY
01:25:10	BTCUSDT	0.011970	29170.4	lVvjvPAx81	BUY
01:25:12	BTCUSDT	0.011970	29167.4	lVvjvFXzp1	BUY
01:25:13	BTCUSDT	0.011970	29164.4	lVvjvu9x91	BUY
01:25:15	BTCUSDT	0.011970	29161.4	lVvjv0QLS1	BUY
01:25:20	BTCUSDT	0.011970	29188.4	lVvjvlDLH1	BUY
01:25:22	BTCUSDT	0.011970	29185.4	lVvjvMu041	BUY
01:25:23	BTCUSDT	0.011970	29182.4	lVvjvA40B1	BUY
01:25:25	BTCUSDT	0.011970	29179.4	lVvjv4kTR1	BUY
01:25:26	BTCUSDT	0.011970	29176.4	lVvjvZ04b1	BUY
01:25:28	BTCUSDT	0.011970	29173.4	lVvjvyfbD1	BUY
01:25:29	BTCUSDT	0.011970	29170.4	lVvjvPAx81	BUY
01:25:31	BTCUSDT	0.011970	29167.4	lVvjvFXzp1	BUY
01:25:33	BTCUSDT	0.011970	29164.4	lVvjvu9x91	BUY
01:25:34	BTCUSDT	0.011970	29161.4	lVvjv0QLS1	BUY
01:25:40	BTCUSDT	0.011970	29188.4	lVvjvlDLH1	BUY
01:25:41	BTCUSDT	0.011970	29185.4	lVvjvMu041	BUY
01:25:43	BTCUSDT	0.011970	29182.4	lVvjvA40B1	BUY
01:25:44	BTCUSDT	0.011970	29179.4	lVvjv4kTR1	BUY
01:25:46	BTCUSDT	0.011970	29176.4	lVvjvZ04b1	BUY
01:25:48	BTCUSDT	0.011970	29173.4	lVvjvyfbD1	BUY
01:25:51	BTCUSDT	0.011970	29170.4	lVvjvPAx81	BUY
01:25:52	BTCUSDT	0.011970	29167.4	lVvjvFXzp1	BUY
01:25:54	BTCUSDT	0.011970	29164.4	lVvjvu9x91	BUY
01:25:55	BTCUSDT	0.011970	29161.4	lVvjv0QLS1	BUY
01:26:01	BTCUSDT	0.011970	29188.4	lVvjvlDLH1	BUY
01:26:03	BTCUSDT	0.011970	29185.4	lVvjvMu041	BUY
01:26:04	BTCUSDT	0.011970	29182.4	lVvjvA40B1	BUY
01:26:06	BTCUSDT	0.011970	29179.4	lVvjv4kTR1	BUY
01:26:07	BTCUSDT	0.011970	29176.4	lVvjvZ04b1	BUY
01:26:09	BTCUSDT	0.011970	29173.4	lVvjvyfbD1	BUY
01:26:10	BTCUSDT	0.011970	29170.4	lVvjvPAx81	BUY
01:26:12	BTCUSDT	0.011970	29167.4	lVvjvFXzp1	BUY
01:26:13	BTCUSDT	0.011970	29164.4	lVvjvu9x91	BUY
01:26:15	BTCUSDT	0.011970	29161.4	lVvjv0QLS1	BUY
01:26:20	BTCUSDT	0.011970	29188.4	lVvjvlDLH1	BUY
01:26:22	BTCUSDT	0.011970	29185.4	lVvjvMu041	BUY
01:26:23	BTCUSDT	0.011970	29182.4	lVvjvA40B1	BUY
01:26:25	BTCUSDT	0.011970	29179.4	lVvjv4kTR1	BUY
01:26:26	BTCUSDT	0.011970	29176.4	lVvjvZ04b1	BUY
01:26:28	BTCUSDT	0.011970	29173.4	lVvjvyfbD1	BUY
01:26:29	BTCUSDT	0.011970	29170.4	lVvjvPAx81	BUY
01:26:31	BTCUSDT	0.011970	29167.4	lVvjvFXzp1	BUY
01:26:32	BTCUSDT	0.011970	29164.4	lVvjvu9x91	BUY
01:26:34	BTCUSDT	0.011970	29161.4	lVvjv0QLS1	BUY
01:26:39	BTCUSDT	0.011970	29188.4	lVvjvlDLH1	BUY
01:26:41	BTCUSDT	0.011970	29185.4	lVvjvMu041	BUY
01:26:42	BTCUSDT	0.011970	29182.4	lVvjvA40B1	BUY
01:26:44	BTCUSDT	0.011970	29179.4	lVvjv4kTR1	BUY
01:26:45	BTCUSDT	0.011970	29176.4	lVvjvZ04b1	BUY
01:26:47	BTCUSDT	0.011970	29173.4	lVvjvyfbD1	BUY
01:26:48	BTCUSDT	0.011970	29170.4	lVvjvPAx81	BUY
01:26:50	BTCUSDT	0.011970	29167.4	lVvjvFXzp1	BUY
01:26:51	BTCUSDT	0.011970	29164.4	lVvjvu9x91	BUY
01:26:53	BTCUSDT	0.011970	29161.4	lVvjv0QLS1	BUY
01:26:58	BTCUSDT	0.011970	29188.4	lVvjvlDLH1	BUY
01:26:59	BTCUSDT	0.011970	29185.4	lVvjvMu041	BUY
01:27:01	BTCUSDT	0.011970	29182.4	lVvjvA40B1	BUY
01:27:02	BTCUSDT	0.011970	29179.4	lVvjv4kTR1	BUY
01:27:04	BTCUSDT	0.011970	29176.4	lVvjvZ04b1	BUY
01:27:05	BTCUSDT	0.011970	29173.4	lVvjvyfbD1	BUY
01:27:07	BTCUSDT	0.011970	29170.4	lVvjvPAx81	BUY
01:27:08	BTCUSDT	0.011970	29167.4	lVvjvFXzp1	BUY
01:27:10	BTCUSDT	0.011970	29164.4	lVvjvu9x91	BUY
01:27:11	BTCUSDT	0.011970	29161.4	lVvjv0QLS1	BUY
01:27:17	BTCUSDT	0.011970	29188.4	lVvjvlDLH1	BUY
01:27:19	BTCUSDT	0.011970	29185.4	lVvjvMu041	BUY
01:27:20	BTCUSDT	0.011970	29182.4	lVvjvA40B1	BUY
01:27:22	BTCUSDT	0.011970	29179.4	lVvjv4kTR1	BUY
01:27:23	BTCUSDT	0.011970	29176.4	lVvjvZ04b1	BUY
01:27:25	BTCUSDT	0.011970	29173.4	lVvjvyfbD1	BUY
01:27:26	BTCUSDT	0.011970	29170.4	lVvjvPAx81	BUY
01:27:28	BTCUSDT	0.011970	29167.4	lVvjvFXzp1	BUY
01:27:29	BTCUSDT	0.011970	29164.4	lVvjvu9x91	BUY
01:27:31	BTCUSDT	0.011970	29161.4	lVvjv0QLS1	BUY
01:27:36	BTCUSDT	0.011970	29188.4	lVvjvlDLH1	BUY
01:27:38	BTCUSDT	0.011970	29185.4	lVvjvMu041	BUY
01:27:39	BTCUSDT	0.011970	29182.4	lVvjvA40B1	BUY
01:27:41	BTCUSDT	0.011970	29179.4	lVvjv4kTR1	BUY
01:27:42	BTCUSDT	0.011970	29176.4	lVvjvZ04b1	BUY
01:27:44	BTCUSDT	0.011970	29173.4	lVvjvyfbD1	BUY
01:27:45	BTCUSDT	0.011970	29170.4	lVvjvPAx81	BUY
01:27:47	BTCUSDT	0.011970	29167.4	lVvjvFXzp1	BUY
01:27:48	BTCUSDT	0.011970	29164.4	lVvjvu9x91	BUY
01:27:50	BTCUSDT	0.011970	29161.4	lVvjv0QLS1	BUY
01:27:55	BTCUSDT	0.011970	29188.4	lVvjvlDLH1	BUY
01:27:57	BTCUSDT	0.011970	29185.4	lVvjvMu041	BUY
01:27:58	BTCUSDT	0.011970	29182.4	lVvjvA40B1	BUY
01:28:00	BTCUSDT	0.011970	29179.4	lVvjv4kTR1	BUY
01:28:01	BTCUSDT	0.011970	29176.4	lVvjvZ04b1	BUY
01:28:03	BTCUSDT	0.011970	29173.4	lVvjvyfbD1	BUY
01:28:04	BTCUSDT	0.011970	29170.4	lVvjvPAx81	BUY
01:28:06	BTCUSDT	0.011970	29167.4	lVvjvFXzp1	BUY
01:28:07	BTCUSDT	0.011970	29164.4	lVvjvu9x91	BUY
01:28:09	BTCUSDT	0.011970	29161.4	lVvjv0QLS1	BUY
01:28:14	BTCUSDT	0.011970	29188.4	lVvjvlDLH1	BUY
01:28:16	BTCUSDT	0.011970	29185.4	lVvjvMu041	BUY
01:28:17	BTCUSDT	0.011970	29182.4	lVvjvA40B1	BUY
01:28:19	BTCUSDT	0.011970	29179.4	lVvjv4kTR1	BUY
01:28:20	BTCUSDT	0.011970	29176.4	lVvjvZ04b1	BUY
01:28:22	BTCUSDT	0.011970	29173.4	lVvjvyfbD1	BUY
01:28:23	BTCUSDT	0.011970	29170.4	lVvjvPAx81	BUY
01:28:25	BTCUSDT	0.011970	29167.4	lVvjvFXzp1	BUY
01:28:26	BTCUSDT	0.011970	29164.4	lVvjvu9x91	BUY
01:28:28	BTCUSDT	0.011970	29161.4	lVvjv0QLS1	BUY
01:28:33	BTCUSDT	0.011970	29188.4	lVvjvlDLH1	BUY
01:28:35	BTCUSDT	0.011970	29185.4	lVvjvMu041	BUY
01:28:36	BTCUSDT	0.011970	29182.4	lVvjvA40B1	BUY
01:28:38	BTCUSDT	0.011970	29179.4	lVvjv4kTR1	BUY
01:28:39	BTCUSDT	0.011970	29176.4	lVvjvZ04b1	BUY
01:28:41	BTCUSDT	0.011970	29173.4	lVvjvyfbD1	BUY
01:28:42	BTCUSDT	0.011970	29170.4	lVvjvPAx81	BUY
01:28:44	BTCUSDT	0.011970	29167.4	lVvjvFXzp1	BUY
01:28:45	BTCUSDT	0.011970	29164.4	lVvjvu9x91	BUY
01:28:47	BTCUSDT	0.011970	29161.4	lVvjv0QLS1	BUY
01:28:52	BTCUSDT	0.011970	29188.4	lVvjvlDLH1	BUY
01:28:54	BTCUSDT	0.011970	29185.4	lVvjvMu041	BUY
01:28:55	BTCUSDT	0.011970	29182.4	lVvjvA40B1	BUY
01:28:57	BTCUSDT	0.011970	29179.4	lVvjv4kTR1	BUY
01:28:58	BTCUSDT	0.011970	29176.4	lVvjvZ04b1	BUY
01:29:00	BTCUSDT	0.011970	29173.4	lVvjvyfbD1	BUY
01:29:01	BTCUSDT	0.011970	29170.4	lVvjvPAx81	BUY
01:29:03	BTCUSDT	0.011970	29167.4	lVvjvFXzp1	BUY
01:29:04	BTCUSDT	0.011970	29164.4	lVvjvu9x91	BUY
01:29:06	BTCUSDT	0.011970	29161.4	lVvjv0QLS1	BUY
01:29:11	BTCUSDT	0.011970	29188.4	lVvjvlDLH1	BUY
01:29:13	BTCUSDT	0.011970	29185.4	lVvjvMu041	BUY
01:29:14	BTCUSDT	0.011970	29182.4	lVvjvA40B1	BUY
01:29:16	BTCUSDT	0.011970	29179.4	lVvjv4kTR1	BUY
01:29:17	BTCUSDT	0.011970	29176.4	lVvjvZ04b1	BUY
01:29:19	BTCUSDT	0.011970	29173.4	lVvjvyfbD1	BUY
01:29:20	BTCUSDT	0.011970	29170.4	lVvjvPAx81	BUY
01:29:22	BTCUSDT	0.011970	29167.4	lVvjvFXzp1	BUY
01:29:23	BTCUSDT	0.011970	29164.4	lVvjvu9x91	BUY
01:29:25	BTCUSDT	0.011970	29161.4	lVvjv0QLS1	BUY
01:29:30	BTCUSDT	0.011970	29188.4	lVvjvlDLH1	BUY
01:29:32	BTCUSDT	0.011970	29185.4	lVvjvMu041	BUY
01:29:33	BTCUSDT	0.011970	29182.4	lVvjvA40B1	BUY
01:29:35	BTCUSDT	0.011970	29179.4	lVvjv4kTR1	BUY
01:29:36	BTCUSDT	0.011970	29176.4	lVvjvZ04b1	BUY
01:29:38	BTCUSDT	0.011970	29173.4	lVvjvyfbD1	BUY
01:29:39	BTCUSDT	0.011970	29170.4	lVvjvPAx81	BUY
01:29:41	BTCUSDT	0.011970	29167.4	lVvjvFXzp1	BUY
01:29:42	BTCUSDT	0.011970	29164.4	lVvjvu9x91	BUY
01:29:44	BTCUSDT	0.011970	29161.4	lVvjv0QLS1	BUY
01:29:49	BTCUSDT	0.011970	29188.4	lVvjvlDLH1	BUY
01:29:51	BTCUSDT	0.011970	29185.4	lVvjvMu041	BUY
01:29:52	BTCUSDT	0.011970	29182.4	lVvjvA40B1	BUY
01:29:54	BTCUSDT	0.011970	29179.4	lVvjv4kTR1	BUY
01:29:55	BTCUSDT	0.011970	29176.4	lVvjvZ04b1	BUY
01:29:57	BTCUSDT	0.011970	29173.4	lVvjvyfbD1	BUY
01:29:58	BTCUSDT	0.011970	29170.4	lVvjvPAx81	BUY
01:30:00	BTCUSDT	0.011970	29167.4	lVvjvFXzp1	BUY
01:30:01	BTCUSDT	0.011970	29164.4	lVvjvu9x91	BUY
01:30:03	BTCUSDT	0.011970	29161.4	lVvjv0QLS1	BUY
01:30:08	BTCUSDT	0.011970	29188.4	lVvjvlDLH1	BUY
01:30:10	BTCUSDT	0.011970	29185.4	lVvjvMu041	BUY
01:30:11	BTCUSDT	0.011970	29182.4	lVvjvA40B1	BUY
01:30:13	BTCUSDT	0.011970	29179.4	lVvjv4kTR1	BUY
01:30:14	BTCUSDT	0.011970	29176.4	lVvjvZ04b1	BUY
01:30:16	BTCUSDT	0.011970	29173.4	lVvjvyfbD1	BUY
01:30:17	BTCUSDT	0.011970	29170.4	lVvjvPAx81	BUY
01:30:19	BTCUSDT	0.011970	29167.4	lVvjvFXzp1	BUY
01:30:20	BTCUSDT	0.011970	29164.4	lVvjvu9x91	BUY
01:30:22	BTCUSDT	0.011970	29161.4	lVvjv0QLS1	BUY
01:30:27	BTCUSDT	0.011970	29188.4	lVvjvlDLH1	BUY
01:30:29	BTCUSDT	0.011970	29185.4	lVvjvMu041	BUY
01:30:30	BTCUSDT	0.011970	29182.4	lVvjvA40B1	BUY
01:30:32	BTCUSDT	0.011970	29179.4	lVvjv4kTR1	BUY
01:30:33	BTCUSDT	0.011970	29176.4	lVvjvZ04b1	BUY
01:30:35	BTCUSDT	0.011970	29173.4	lVvjvyfbD1	BUY
01:30:36	BTCUSDT	0.011970	29170.4	lVvjvPAx81	BUY
01:30:38	BTCUSDT	0.011970	29167.4	lVvjvFXzp1	BUY
01:30:39	BTCUSDT	0.011970	29164.4	lVvjvu9x91	BUY
01:30:41	BTCUSDT	0.011970	29161.4	lVvjv0QLS1	BUY
01:30:46	BTCUSDT	0.011970	29188.4	lVvjvlDLH1	BUY
01:30:48	BTCUSDT	0.011970	29185.4	lVvjvMu041	BUY
01:30:49	BTCUSDT	0.011970	29182.4	lVvjvA40B1	BUY
01:30:51	BTCUSDT	0.011970	29179.4	lVvjv4kTR1	BUY
01:30:52	BTCUSDT	0.011970	29176.4	lVvjvZ04b1	BUY
01:30:54	BTCUSDT	0.011970	29173.4	lVvjvyfbD1	BUY
01:30:55	BTCUSDT	0.011970	29170.4	lVvjvPAx81	BUY
01:30:57	BTCUSDT	0.011970	29167.4	lVvjvFXzp1	BUY
01:30:58	BTCUSDT	0.011970	29164.4	lVvjvu9x91	BUY
01:31:00	BTCUSDT	0.011970	29161.4	lVvjv0QLS1	BUY
01:31:05	BTCUSDT	0.011970	29188.4	lVvjvlDLH1	BUY
01:31:06	BTCUSDT	0.011970	29185.4	lVvjvMu041	BUY
01:31:08	BTCUSDT	0.011970	29182.4	lVvjvA40B1	BUY
01:31:09	BTCUSDT	0.011970	29179.4	lVvjv4kTR1	BUY
01:31:11	BTCUSDT	0.011970	29176.4	lVvjvZ04b1	BUY
01:31:12	BTCUSDT	0.011970	29173.4	lVvjvyfbD1	BUY
01:31:14	BTCUSDT	0.011970	29170.4	lVvjvPAx81	BUY
01:31:15	BTCUSDT	0.011970	29167.4	lVvjvFXzp1	BUY
01:31:17	BTCUSDT	0.011970	29164.4	lVvjvu9x91	BUY
01:31:18	BTCUSDT	0.011970	29161.4	lVvjv0QLS1	BUY
01:31:24	BTCUSDT	0.011970	29188.4	lVvjvlDLH1	BUY
01:31:25	BTCUSDT	0.011970	29185.4	lVvjvMu041	BUY
01:31:27	BTCUSDT	0.011970	29182.4	lVvjvA40B1	BUY
01:31:28	BTCUSDT	0.011970	29179.4	lVvjv4kTR1	BUY
01:31:30	BTCUSDT	0.011970	29176.4	lVvjvZ04b1	BUY
01:31:31	BTCUSDT	0.011970	29173.4	lVvjvyfbD1	BUY
01:31:33	BTCUSDT	0.011970	29170.4	lVvjvPAx81	BUY
01:31:35	BTCUSDT	0.011970	29167.4	lVvjvFXzp1	BUY
01:31:36	BTCUSDT	0.011970	29164.4	lVvjvu9x91	BUY
